
@article{goldberg_genetic_1988,
	title = {Genetic {Algorithms} and {Machine} {Learning}},
	volume = {3},
	issn = {1573-0565},
	url = {https://doi.org/10.1023/A:1022602019183},
	doi = {10.1023/A:1022602019183},
	language = {en},
	number = {2},
	urldate = {2021-10-13},
	journal = {Machine Learning},
	author = {Goldberg, David E. and Holland, John H.},
	month = oct,
	year = {1988},
	pages = {95--99},
	file = {Springer Full Text PDF:C\:\\Users\\eduhenrique\\Zotero\\storage\\K98G5AY6\\Goldberg e Holland - 1988 - Genetic Algorithms and Machine Learning.pdf:application/pdf},
}

@book{holland_adaptation_1992,
	address = {Cambridge, MA, USA},
	series = {Complex {Adaptive} {Systems}},
	title = {Adaptation in {Natural} and {Artificial} {Systems}: {An} {Introductory} {Analysis} with {Applications} to {Biology}, {Control}, and {Artificial} {Intelligence}},
	isbn = {978-0-262-08213-6},
	shorttitle = {Adaptation in {Natural} and {Artificial} {Systems}},
	language = {en},
	publisher = {A Bradford Book},
	author = {Holland, John H.},
	month = apr,
	year = {1992},
}

@book{back_handbook_1997,
	address = {GBR},
	edition = {1st},
	title = {Handbook of {Evolutionary} {Computation}},
	isbn = {978-0-7503-0392-7},
	abstract = {From the Publisher: Many scientists and engineers now use the paradigms of evolutionary computation (genetic agorithms, evolution strategies, evolutionary programming, genetic programming, classifier systems, and combinations or hybrids thereof) to tackle problems that are either intractable or unrealistically time consuming to solve through traditional computational strategies. Recently there have been vigorous initiatives to promote cross-fertilization between the EC paradigms, and also to combine these paradigms with other approaches such as neural networks to create hybrid systems with enhanced capabilities. To address the need for speedy dissemination of new ideas in these fields, and also to assist in cross-disciplinary communications and understanding, Oxford University Press and the Institute of Physics have joined forces to create a major reference publication devoted to EC fundamentals, models, algorithms and applications. This work is intended to become the standard reference resource for the evolutionary computation community. The Handbook of Evolutionary Computation will be available in loose-leaf print form, as well as in an electronic version that combines both CD-ROM and on-line (World Wide Web) acess to its contents. Regularly published supplements will be available on a subscription basis.},
	publisher = {IOP Publishing Ltd.},
	author = {Back, Thomas and Fogel, David B. and Michalewicz, Zbigniew},
	year = {1997},
}

@article{abowd_high_1999,
	title = {High {Wage} {Workers} and {High} {Wage} {Firms}},
	volume = {67},
	number = {2},
	journal = {Econometrica},
	author = {Abowd, J. M. and Kramarz, F. and Margolis, D. N.},
	year = {1999},
	pages = {323--351},
}

@article{acemoglu_deepening_2008,
	title = {Deepening {Capital} and {Nonbalanced} {Economic} {Growth}},
	volume = {116},
	number = {3},
	journal = {Journal of Political Economy},
	author = {Acemoglu, Daron and Guerrieri, Veronica},
	year = {2008},
	pages = {467--498},
}

@book{acemoglu_introduction_2009,
	address = {Cambridge, Massachusetts},
	title = {Introduction to {Modern} {Economic} {Growth}},
	publisher = {The MIT Press},
	author = {Acemoglu, Daron},
	year = {2009},
}

@article{acemoglu_distance_2003,
	title = {Distance to frontier, selection, and economic growth},
	number = {9066},
	journal = {Working Paper},
	author = {Acemoglu, D. and Aghion, P. and Zilibotti, F.},
	year = {2003},
	note = {Publisher: National Bureau of Economic Growth},
}

@article{acemoglu_diffusion_2011,
	title = {Diffusion of {Innovations} in {Social} {Networks}},
	journal = {MIT Working Papers},
	author = {Acemoglu, D. and Ozdaglar, A. and Yildiz, E.},
	year = {2011},
}

@article{adner_demand_2001,
	title = {Demand {Heterogeneity} and {Technology} {Evolution}: {Implications} for {Product} and {Process} {Innovation}},
	volume = {47},
	number = {5},
	journal = {Management Science},
	author = {Adner, R. and Levinthal, D.},
	year = {2001},
	pages = {611--628},
}

@article{aghion_model_1992,
	title = {A {Model} of {Growth} {Through} {Creative} {Destruction}},
	volume = {60},
	number = {2},
	journal = {Econometrica},
	author = {Aghion, Phillip and Howitt, Peter},
	year = {1992},
	pages = {137--147},
}

@article{aghion_competition_2002,
	title = {Competition and {Innovation}: {An} {Inverted} {U} {Relationship}},
	number = {9269},
	journal = {NBER Working Papers},
	author = {Aghion, P. and Bloom, N. and Blundel, R. and Griffith, R. and Howitt, P.},
	year = {2002},
}

@article{aghion_effects_2006,
	title = {The {Effects} of {Entry} on {Incumbent} {Innovation} and {Productivity},},
	number = {12027},
	journal = {NBER Working Papers},
	author = {Aghion, P. and Blundel, R. and Griffith, R. and Howitt, P. and Plantl, S.},
	year = {2006},
}

@article{aghion_innovation_2015,
	title = {Innovation and {Top} {Income} {Inequality}},
	number = {21247},
	journal = {NBER Working Papers},
	author = {Aghion, P. and Akcigit, U. and Bergeaud, A. and Blundell, R. and Hemous, D.},
	year = {2015},
}

@book{aghion_handbook_2006,
	address = {The Netherlands},
	title = {Handbook of {Economic} {Growth}},
	publisher = {North Holland},
	author = {Aghion, Phillip and Durlauf, Steven N.},
	year = {2006},
}

@book{aghion_endogenous_1998,
	address = {Cambridge, Massachusetts},
	title = {Endogenous {Growth} {Theory}},
	publisher = {The MIT Press},
	author = {Aghion, Phillip and Howitt, Peter},
	year = {1998},
}

@book{aghion_economics_2009,
	address = {Cambridge, Massachusetts},
	title = {The {Economics} of {Growth}},
	publisher = {The MIT Press},
	author = {Aghion, Phillip and Howitt, Peter},
	year = {2009},
}

@book{albin_barriers_1998,
	address = {Princeton},
	title = {Barriers and {Bounds} to {Rationality}: {Essays} on {Economic} {Complexity} and {Dynamics} in {Interactive} {Systems}},
	publisher = {Princeton University Press},
	author = {Albin, P. and Foley, D.},
	year = {1998},
}

@book{barbosa_evolucao_2012,
	title = {Evolução e {Composição} do {Emprego} no {Brasil}: {Período} 1996-2009},
	publisher = {IPEA-Instituto de Pesquisa Econômica Aplicada},
	author = {Barbosa, Ana Luiza N. de H.},
	year = {2012},
}

@book{andersen_evolutionary_1996,
	address = {London-UK},
	title = {Evolutionary {Economics}},
	publisher = {Pinter Publisher},
	author = {Andersen, Esben S.},
	year = {1996},
}

@article{andersen_satiation_2001,
	title = {Satiation in an evolutionary model of structural economic dynamics},
	volume = {11},
	number = {1},
	journal = {Journal of Evolutionary Economics},
	author = {Andersen, Esben S.},
	year = {2001},
	pages = {143--164},
}

@article{andersen_toward_2001,
	title = {Toward a {Multiactivity} {Generalisation} of the {Nelson}-{Winter} {Model}},
	author = {Andersen, Esben S.},
	year = {2001},
	note = {Place: Aalborg, Denmark},
}

@book{andersen_revisiting_2004,
	address = {Denmark},
	title = {Revisiting {Nelson}-{Winter} models in {Lsd}},
	url = {http://www.business.aau.dk/~esa/evolution/esapapers/esa04/nw2004.pdf},
	publisher = {DRUID/IKE, Aalborg University},
	author = {Andersen, Esben S.},
	year = {2004},
}

@article{angbazo_commercial_1997,
	title = {Commercial bank net interest margins, default risk, interest risk, and off-ballance sheet banking},
	volume = {21},
	journal = {Journal of Banking and Finance},
	author = {Angbazo, L.},
	year = {1997},
}

@article{aoki_demand_2002,
	title = {Demand saturation-creation and economic growth},
	volume = {48},
	journal = {Journal of Economic Behaviour and Organization},
	author = {Aoki, M. and Yoshikawa, H.},
	year = {2002},
	pages = {127--154},
}

@article{arrow_economics_1962,
	title = {The {Economics} {Implicatons} of {Learning} {By} {Doing}},
	volume = {29},
	journal = {Review of Economic Studies},
	author = {Arrow, Kenneth J.},
	year = {1962},
	pages = {155--173},
}

@incollection{arrow_economic_1962,
	address = {Cambridge, MA},
	title = {Economic welfare and the allocation of resources for invention},
	booktitle = {Collected papers of {Kenneth} {J}. {Arrow}, {Vol} (5) {Production} and capital, (1985)},
	publisher = {Harvard University Press},
	author = {Arrow, Kenneth J.},
	year = {1962},
}

@book{arrow_social_1963,
	address = {New Haven and London},
	edition = {2},
	title = {Social {Choices} and {Individual} {Values}},
	publisher = {Yale University Press},
	author = {Arrow, Kenneth J.},
	year = {1963},
}

@article{arrow_methodological_1994,
	title = {Methodological {Individualism} and {Social} {Knowledge}},
	volume = {84},
	number = {2},
	journal = {The American Economic Review},
	author = {Arrow, Kenneth. J.},
	year = {1994},
	pages = {1--9},
}

@article{arthur_competing_1989,
	title = {Competing {Technologies}, {Increasing} {Returns}, and {Lock}-{In} by {Historical} {Events}},
	volume = {99},
	number = {394},
	journal = {The Economic Journal},
	author = {Arthur, W. Brian},
	year = {1989},
	pages = {116--131},
}

@inproceedings{arthur_introduction_1997,
	address = {Massachussets},
	title = {Introduction},
	booktitle = {The {Economy} as an {Evolving} {Complex} {System} {II}},
	publisher = {Addison Wesley},
	author = {Arthur, W. Brian and Durlauf, Steven N. and Lane, David A.},
	editor = {Arthur, W. Brian and Durlauf, Steven N. and Lane, David A.},
	year = {1997},
}

@article{arthur_complexity_1999,
	title = {Complexity and the {Economy}},
	volume = {284},
	number = {5411},
	journal = {Science},
	author = {Arthur, W. Brian},
	year = {1999},
	pages = {107--109},
}

@inproceedings{arthur_out--equilibrium_2005,
	title = {Out-of-{Equilibrium} {Economics} and {Agent}-{Based} {Modeling}},
	booktitle = {Handbook of {Computational} {Economics}, {Vol}. 2:{Agent}-{Based} {Computational} {Economics}},
	publisher = {ELSEVIER/North-Holland},
	author = {Arthur, W. Brian},
	editor = {Judd, K. and Tesfatsion, l.},
	year = {2005},
}

@article{atkinson_new_1969,
	title = {A {New} {View} of {Technological} {Change}},
	volume = {79},
	journal = {Economic Journal},
	author = {Atkinson, A. B. and Stiglitz, J.E.},
	year = {1969},
	pages = {573--578},
}

@book{atkinson_economics_1975,
	address = {London},
	title = {The economics of inequality},
	publisher = {Oxford University Press},
	author = {Atkinson, Anthony B.},
	year = {1975},
}

@book{auty_resource_1990,
	address = {Oxford, New York},
	title = {Resource {Based} {Industrialization}: {Sowing} the {Oil} in {Eight} {Developing} {Countries}},
	publisher = {Oxford University Press},
	author = {Auty, Richard M.},
	year = {1990},
}

@book{auty_resource_2001,
	address = {Oxford, New York},
	title = {Resource {Abundance} and {Economic} {Development}},
	publisher = {Oxford University Press},
	author = {Auty, Richard M.},
	year = {2001},
}

@incollection{auty_natural_2001,
	title = {Natural {Resources}, {Capital} {Accumulation}, {Structural} {Change}, and {Welfare}},
	booktitle = {Resource {Abundance} and {Economic} {Development}},
	publisher = {Oxford University Press},
	author = {Auty, R.M. and Kiiski, Sampsa},
	year = {2001},
	pages = {19--35},
}

@book{auyang_foundations_1998,
	address = {Cambridge, UK},
	title = {Foundations of {Complex}-{System} {Theories} in {Economics}, {Evolutionary} {Biology}, and {Statistical} {Physics}},
	publisher = {Cambridge University Press},
	author = {Auyang, Sunny Y.},
	year = {1998},
}

@incollection{axelrod_advancing_1997,
	address = {Berlin},
	title = {Advancing the art of simulation in the social sciences},
	booktitle = {Simulating {Social} {Phenomena}},
	publisher = {Springer},
	author = {Axelrod, R.},
	editor = {Conte, R. and Hegselmann, R. and Terna, P.},
	year = {1997},
	pages = {21--40},
}

@book{axelrod_complexity_1997,
	address = {Princeton-NJ},
	title = {The complexity of cooperation: {Agent}-based models of competition and collaboration},
	publisher = {Princeton University Press},
	author = {Axelrod, R.},
	year = {1997},
}

@book{babbage_economy_1963,
	address = {London},
	title = {On the {Economy} of {Machinery} and {Manufactures}},
	publisher = {Frank Cass and Co.},
	author = {Babbage, Charles},
	year = {1963},
}

@article{baldwin_patterns_1956,
	title = {Patterns of development in newly settled regions},
	volume = {24},
	journal = {Manchester School of Social and Economic Studies},
	author = {Baldwin, R.E.},
	year = {1956},
	pages = {161--179},
}

@article{banerjee_simple_2014,
	title = {A {Simple} {Model} of {Herd} {Behaviour}},
	volume = {3},
	journal = {The Quarterly Journal of Economics},
	author = {Banerjee, A. V.},
	year = {2014},
}

@article{banerjee_inequality_2014,
	title = {Inequality and {Investment}},
	journal = {MIT Working Papers},
	author = {Banerjee, A. V.},
	year = {2014},
}

@book{bar-yam_dynamics_1997,
	address = {EUA},
	title = {Dynamics of {Complex} {Systems}},
	publisher = {Addison Wesley Longman, Inc.},
	author = {Bar-Yam, Yaneer},
	year = {1997},
}

@article{barros_herbert_2010,
	title = {Herbert {A}. {Simon} and the {Concept} of {Rationality}: {Boundaries} and {Procedures}},
	volume = {30},
	number = {3},
	journal = {Brazilian Journal of Political Economy},
	author = {Barros, G.},
	year = {2010},
	pages = {455--472},
}

@article{barro_convergence_1992,
	title = {Convergence},
	volume = {100},
	journal = {Journal of Political Economy},
	author = {Barro, Robert E. and Sala-i-Martin, Xavier},
	year = {1992},
	pages = {223--251},
}

@article{barro_technological_1997,
	title = {Technological {Diffusion}, {Convergence} and {Growth}},
	volume = {2},
	journal = {Journal of Economic Growth},
	author = {Barro, Robert E. and Sala-i-Martin, Xavier},
	year = {1997},
	pages = {1--27},
}

@book{barro_economic_2004,
	address = {EUA},
	edition = {2},
	title = {Economic {Growth}},
	publisher = {MIT Press},
	author = {Barro, Robert and Sala-i-Martin, Xavier},
	year = {2004},
}

@article{berry_product_2010,
	title = {Product {Quality} and {Market} {Size}},
	volume = {58},
	journal = {The Journal of Industrial Economics},
	author = {Berry, S. and Waldfogel, J.},
	year = {2010},
	pages = {1--31},
}

@article{barten_evidence_1967,
	title = {Evidence on the {Slutsky} condition for demand equations},
	volume = {49},
	journal = {Review of Economic and Statistics},
	author = {Barten, A. P.},
	year = {1967},
	pages = {77--84},
}

@article{barten_estimating_1968,
	title = {Estimating demand equations},
	volume = {36},
	journal = {Economitrica},
	author = {Barten, A. P.},
	year = {1968},
	pages = {231--251},
}

@article{barten_maximun_1969,
	title = {Maximun likelyhood estimation of a complete system of demand equations},
	volume = {1},
	journal = {European Economic Review},
	author = {Barten, A. P.},
	year = {1969},
	pages = {7--73},
}

@article{barten_systems_1977,
	title = {The systems of consumer demand function approach: a review},
	volume = {45},
	journal = {Econometrica},
	author = {Barten, A. P.},
	year = {1977},
	pages = {23--51},
}

@article{baum_debt_2013,
	title = {Debt and growth: {New} evidence for the euro area},
	volume = {32},
	doi = {http://dx.doi.org/10.1016/j.jimonfin.2012.07.004},
	journal = {Journal of International Money and Finance},
	author = {Baum, Anja and Checherita-Westphal, Cristina and Rother, Philipp},
	year = {2013},
	pages = {809--821},
}

@article{baumol_macroeconomics_1967,
	title = {Macroeconomics of {Unbalanced} {Growth}: {An} {Anatomy} of {Urban} {Crisis}},
	volume = {55},
	journal = {American Economic Review},
	author = {Baumol, Willian J.},
	year = {1967},
	pages = {297--307},
}

@article{becker_investiment_1962,
	title = {Investiment in {Human} {Capital}: {A} {Theoretical} {Analysis}},
	volume = {70},
	number = {5},
	journal = {The Journal of Political Economy},
	author = {Becker, Gary S.},
	year = {1962},
	pages = {9--49},
}

@book{becker_human_1964,
	address = {New York},
	edition = {1},
	title = {Human {Capital}},
	publisher = {Columbia University Press},
	author = {Becker, Gary S.},
	year = {1964},
}

@article{becker_theory_1965,
	title = {A {Theory} of {Allocation} of {Time}},
	volume = {75},
	journal = {Economic Journal},
	author = {Becker, Gary S.},
	year = {1965},
	pages = {493--517},
}

@book{becker_human_1993,
	address = {Chicago-EUA},
	edition = {3},
	title = {Human {Capital}},
	publisher = {University Of Chicago Press},
	author = {Becker, Gary S.},
	year = {1993},
}

@article{beckmann_distribution_1965,
	title = {On the distribution of urban rent and residential density},
	volume = {1},
	journal = {Journal of Economic Theory},
	author = {Beckmann, M. J.},
	year = {1965},
	pages = {60--68},
}

@book{bedau_emergence_2008,
	address = {EUA},
	title = {Emergence: {Contemporary} {Readings} in {Philosofy} and {Science}},
	publisher = {The MIT Press},
	author = {Bedau, Mark A. and Paul, Humphreys},
	year = {2008},
}

@book{behrman_handbook_1988,
	address = {Amsterdan, The Netherlands},
	title = {Handbook of {Development} {Economics}},
	publisher = {North Holland},
	author = {Behrman, Jere and Srinivasan, T.N.},
	year = {1988},
}

@article{bencivenga_financial_1991,
	title = {Financial {Intermediation} and {Endogenous} {Growth}},
	volume = {58},
	issn = {00346527},
	url = {http://www.jstor.org/stable/2297964},
	number = {2},
	journal = {The Review of Economic Studies},
	author = {Bencivenga, Valerie R. and Smith, Bruce D.},
	month = apr,
	year = {1991},
	note = {Publisher: Oxford University Press},
	pages = {195--209},
}

@book{bentham_introduction_1780,
	address = {UK},
	title = {An {Introduction} to the {Principles} of {Morals} and {Legislation}},
	publisher = {Oxford, Clarendon Press},
	author = {Bentham, Jeremy},
	year = {1780},
}

@article{berge_trade_1994,
	title = {Trade and {Development} {Strategy} {Options} for the {Poorest} {Counties}: {Apreliminary} {Investigation}},
	number = {12},
	journal = {Working Paper},
	author = {Berge, K. et al},
	month = dec,
	year = {1994},
	note = {Publisher: Institute of Development Studies},
}

@book{berni_mesoeconomia_2011,
	address = {Porto Alegre},
	title = {Mesoeconomia: {Lições} de {Contabilidade} {Social}},
	publisher = {Bookman},
	author = {Berni, Duilio de A. and Lautert, Vladimir},
	year = {2011},
}

@article{bernardino_positional_2013,
	title = {On positional consumption and technological innovation: an agent-based model},
	number = {23},
	journal = {Journal of Evolutionary Economics},
	author = {{Bernardino}},
	year = {2013},
}

@book{beveridge_full_1944,
	address = {London},
	title = {Full {Employment} in a {Free} {Society}},
	publisher = {Allen and Unwin},
	author = {Beveridge, Willian},
	year = {1944},
}

@article{bhaduri_unemployment_1990,
	title = {Unemployment and the real wage: the economic basis for contesting political ideologies},
	volume = {14},
	url = {http://cje.oxfordjournals.org/content/14/4/375.short},
	number = {4},
	journal = {Cambridge Journal of Economics},
	author = {Bhaduri, Amit and Marglin, Stephen},
	year = {1990},
	note = {\_eprint: http://cje.oxfordjournals.org/content/14/4/375.full.pdf+html},
	pages = {375--393},
}

@inproceedings{blanchard_aggregate_1990,
	address = {Cambridge, Mass},
	title = {The aggregate matching function},
	booktitle = {Growth, {Productivity} and {Unemployment}},
	publisher = {MIT Press},
	author = {Blanchard, O. and Diamond, P.},
	editor = {Diamond, Peter A.},
	year = {1990},
}

@article{blinder_why_1991,
	title = {Why are prices sticky? {Preliminary} results from an interview study},
	volume = {81},
	number = {2},
	journal = {American Economic Review},
	author = {Blinder, Alan S.},
	year = {1991},
	pages = {89--96},
}

@book{blinder_bancos_1999,
	address = {São Paulo},
	title = {Bancos {Centrais}: {Teoria} e {Prática}},
	publisher = {Editora 34},
	author = {Blinder, Alan S.},
	year = {1999},
}

@article{blume_statistical_1993,
	title = {The {Statistical} {Mechanics} of {Strategic} {Interaction}},
	volume = {4},
	journal = {Games and Economic Behaviour},
	author = {Blume, L},
	year = {1993},
	pages = {387--424},
}

@book{boccara_modeling_2004,
	address = {USA},
	title = {Modeling {Complex} {Systems}},
	publisher = {Springer Verlag New York Inc},
	author = {Boccara, Nino},
	year = {2004},
}

@article{bogdanski_implementing_2000,
	title = {Implementing {Inflation} {Targeting} in {Brazil}},
	volume = {6},
	journal = {Working Paper Series},
	author = {Bogdanski, Alexandre and Tombini, Alexandre A. and Werlang, Sérgio R. da Costa},
	year = {2000},
	pages = {1--29},
}

@article{bollerslev_generalized_1986,
	title = {Generalized autoregressive conditional heteroskedasticity},
	volume = {31},
	issn = {0304-4076},
	url = {http://www.sciencedirect.com/science/article/pii/0304407686900631},
	doi = {http://dx.doi.org/10.1016/0304-4076(86)90063-1},
	number = {3},
	journal = {Journal of Econometrics},
	author = {Bollerslev, Tim},
	year = {1986},
	pages = {307--327},
}

@article{bonatti_endogenous_2008,
	title = {Endogenous growth and changing sectoral composition in advanced economies},
	volume = {19},
	issn = {0954-349X},
	url = {http://www.sciencedirect.com/science/article/pii/S0954349X0700046X},
	doi = {10.1016/j.strueco.2007.07.002},
	number = {2},
	journal = {Structural Change and Economic Dynamics},
	author = {Bonatti, Luigi and Felice, Giulia},
	year = {2008},
	pages = {109--131},
}

@article{bonanno_intensity_1998,
	title = {Intensity of competition and the choice between product and process innovation},
	volume = {16},
	number = {4},
	journal = {International Journal of Industrial Organization},
	author = {Bonanno, G and Harworth, B.},
	year = {1998},
	pages = {495--510},
}

@article{boyd_intermediation_1992,
	title = {Intermediation and the equilibrium allocation of investment capital: {Implications} for economic development},
	volume = {30},
	issn = {0304-3932},
	url = {http://www.sciencedirect.com/science/article/pii/030439329290004L},
	doi = {10.1016/0304-3932(92)90004-L},
	number = {3},
	journal = {Journal of Monetary Economics},
	author = {Boyd, John H. and Smith, Bruce D.},
	year = {1992},
	pages = {409--432},
}

@article{bowden_existence_1980,
	title = {On the existence and secular stability of a u-v loci},
	volume = {47},
	number = {1},
	journal = {Economica},
	author = {Bowden, R.},
	year = {1980},
	pages = {35--50},
}

@book{brakman_introduction_2005,
	address = {Cambridge, UK},
	title = {An {Introduction} to geographical economics},
	publisher = {Cambridge University Press},
	author = {Brakman, Steven and Garretsen, Harry and Marrewijk, Charles van},
	year = {2005},
}

@inproceedings{brandao_regional_2007,
	address = {Aracaju-SE, Brasil},
	title = {Do {Regional} ao {Local}: {Uma} {Transição} {Conceitual}},
	booktitle = {Estratégias {Concentradas} de {Desenvolvimento} {Regional}: os novos desafios de análise e de ação},
	publisher = {Editora Univ. Federal de Sergipe-UFS},
	author = {Brandão, Carlos},
	editor = {Melo, Ricardo Oliveira L. de and Hansen, Dean Lee},
	year = {2007},
}

@inproceedings{bravo-ortega_relative_2007,
	address = {Washington-DC},
	title = {The {Relative} {Richness} of the poor? {Natural} {Resources}, {Human} {Capital} and {Economic} {Growth}},
	booktitle = {Natural {Resources}: {Neither} course nor destiny},
	publisher = {World Bank},
	author = {Bravo-Ortega, C. and De Gregorio, J.},
	year = {2007},
	pages = {71--99},
}

@article{brock_understanding_2000,
	title = {Understanding the behavior of bank spreads in {Latin} {America}},
	volume = {63},
	journal = {Journal of Development Economics},
	author = {Brock, P. and Rojas-Suarez, L.},
	year = {2000},
}

@article{brown_financing_2009,
	title = {Financing {Innovation} and {Growth}: {Cash} {Flow}, {External} {Equity}, and the 1990s {R}\&{D} {Boom}},
	volume = {64},
	number = {1},
	journal = {The Journal of Finance},
	author = {Brown, James R. and Fazzari, Steven M. and Bruce, Petersen},
	year = {2009},
	pages = {151--185},
}

@inproceedings{brown_minimum_1999,
	address = {Amsterdam: North-Holland},
	title = {Minimum {Wages}, employment, and the distribution of income},
	booktitle = {Handbooks of {Labor} {Economics}},
	publisher = {Elsevier Science},
	author = {Brown, C.},
	editor = {Ashenfelter, O. and Card, D.},
	year = {1999},
	pages = {2101--2163},
}

@book{cameron_banking_1967,
	address = {New York},
	title = {Banking in the {Early} {Stages} of {Industrialization}: {A} {Study} in {Comparative} {Economic} {History}},
	publisher = {Oxford University Press},
	author = {Cameron, Rondo E.},
	year = {1967},
}

@book{cantillon_essai_1755,
	address = {Paris},
	title = {Essai sur la {Nature} du {Commerce} en {Général}},
	publisher = {INED},
	author = {Cantillon, R.},
	year = {1755},
}

@book{capello_regional_2007,
	address = {London, England},
	title = {Regional {Economics}},
	publisher = {Routledge},
	author = {Capello, Roberta},
	year = {2007},
}

@article{cass_optimum_1965,
	title = {Optimum {Growth} in an {Aggregative} {Model} of {Capital} {Acumulation}},
	volume = {32},
	journal = {Review of Economic Studies},
	author = {Cass, David},
	year = {1965},
	pages = {233--240},
}

@article{cassetti_bargaining_2003,
	title = {Bargaining power, effective demand and technical progress: a {Kaleckian} model of growth},
	volume = {27},
	url = {http://cje.oxfordjournals.org/content/27/3/449.abstract},
	doi = {10.1093/cje/27.3.449},
	number = {3},
	journal = {Cambridge Journal of Economics},
	author = {Cassetti, Mario},
	year = {2003},
	note = {\_eprint: http://cje.oxfordjournals.org/content/27/3/449.full.pdf+html},
	pages = {449--464},
}

@article{castro_samba_2011,
	title = {{SAMBA}: {Stochastic} analiytical {Model} with a {Bayesian} {Approach}},
	number = {239},
	journal = {Working Paper Series},
	author = {Castro, Marcos R. de and Gouvea, Solange N. and Minella, André and Santos, Rafael C. and Souza-Sobrinho, Nelson F.},
	year = {2011},
	pages = {1--138},
}

@book{cahuc_labor_2004,
	address = {Cambridge, Masssachusetts, London, England},
	title = {Labor {Economics}},
	publisher = {The MIT Press},
	author = {Cahuc, Pierre and Zylberberg, Andre},
	year = {2004},
}

@book{chakravorty_fragments_2006,
	address = {New York, USA},
	title = {Fragments of {Inequality}: {Social}, {Spacial}, and {Evolutionary} {Analyses} of {Income} {Distribution}},
	publisher = {Routledge},
	author = {Chakravorty, Sanjoy},
	year = {2006},
}

@article{chai_satiation_2010,
	title = {Satiation, {Escaping} {Satiation}, and {Structural} {Change}: {Some} {Evidence} from the {Evolution} of {Engel} {Curves}},
	volume = {24},
	number = {1},
	journal = {Journal of Economic Perspectives},
	author = {Chai, Andreas and Moneta, Alessio},
	year = {2010},
	pages = {225--240},
}

@book{chambers_applied_1994,
	address = {New York, USA},
	title = {Applied production analysis: a dual approach},
	publisher = {Cambridge University Press},
	author = {Chambers, Robert G.},
	year = {1994},
}

@book{chandler_jr_visible_1977,
	address = {USA},
	title = {The {Visible} {Hand}: {The} {Managerial} {Revolution} in {American} {Business}},
	publisher = {Belknap Press},
	author = {Chandler Jr, Alfred DuPont},
	year = {1977},
}

@book{chenery_patterns_1975,
	address = {London},
	title = {Patterns of {Development}, 1957 a 1970},
	publisher = {Oxford University Press},
	author = {Chenery, H. B. and Syrquin, M.},
	year = {1975},
}

@book{chenery_handbook_1988,
	address = {Amsterdan, The Netherlands},
	title = {Handbook of {Development} {Economics}},
	publisher = {North Holland},
	author = {Chenery, Hollis and Srinivasan, T.N.},
	year = {1988},
}

@book{chenery_handbook_1989,
	address = {Amsterdan, The Netherlands},
	title = {Handbook of {Development} {Economics}},
	publisher = {North Holland},
	author = {Chenery, Hollis and Srinivasan, T.N.},
	year = {1989},
}

@article{chang_entry_2009,
	title = {Entry, {Exit}, and the {Endogenous} {Market} {Structure} in {Technologically} {Turbulent} {Industries}},
	journal = {Cleveland State University Working Papers},
	author = {Chang, M.},
	year = {2009},
}

@article{chugh_bounded_2007,
	title = {Bounded {Awareness}: what you fail to see cant hurt you},
	volume = {6},
	number = {1},
	journal = {Mind \& Society},
	author = {Chugh, D. and Bazerman, M. H.},
	year = {2007},
	pages = {1--18},
}

@book{christaller_zentralen_1933,
	address = {Darmstad},
	title = {Die zentralen {Orle} in {Süddeutschland}},
	publisher = {Wissenschaftlische Buchgesellschaft},
	author = {Christaller, W.},
	year = {1933},
}

@book{christaller_central_1966,
	address = {Englewood Cliffs},
	title = {The {Central} places in southern germany},
	publisher = {Prentice-Hall},
	author = {Christaller, W.},
	year = {1966},
}

@article{ciarli_structural_2008,
	title = {Structural {Change} of {Production} and {Consumption}: {A} {Micro}-{Macro} {Approach} of {Economic} {Growth} and {Income} {Distribution}},
	volume = {61},
	number = {1},
	journal = {LEM Working Paper Series},
	author = {Ciarli, T. and Lorentz, A. and Savona, M. and M, Valente},
	year = {2008},
	note = {Place: Sant'Anna School of Advanced Studies, Pisa, Italy},
}

@article{ciarli_effect_2010,
	title = {The {Effect} of {Consumption} and {Production} {Structure} on {Growth} and {Distribution}: {A} {Micro} to {Macro} {Model}},
	volume = {61},
	number = {1},
	journal = {Metroeconomica},
	author = {Ciarli, T. and Lorentz, A. and Savona, M. and M, Valente},
	year = {2010},
	pages = {180--218},
}

@article{ciarli_structural_2010,
	title = {Structural {Transformations} in {Production} and {Consumption}, {Long} {Run} {Growth} and {Income} {Disparities}},
	volume = {182},
	journal = {SPRU Electronic Working Paper},
	author = {Ciarli, T. and Lorentz, A. Savona and M, Valente},
	year = {2010},
}

@article{ciarli_product_2010,
	title = {Product {Variety} and {Changes} in {Consumption} {Patterns}: {The} {Effects} of {Structural} {Change} on {Growth}},
	journal = {13th Conference of the International Schumpeter Society, Alborg University},
	author = {Ciarli, T. and Lorentz, A.},
	year = {2010},
	note = {Place: Denmark},
}

@book{clark_conditions_1940,
	address = {London},
	title = {The {Conditions} of {Economic} {Progress}},
	publisher = {McMillan \& Co},
	author = {Clark, C.},
	year = {1940},
}

@article{corden_booming_1982,
	title = {Booming sector and de-industrialization in a small open economy},
	volume = {92},
	journal = {Economic Journal},
	author = {Corden, M. and Neary, J.P.},
	year = {1982},
	pages = {825--848},
}

@book{cornwall_modern_1977,
	address = {London},
	title = {Modern capitalism: its growth and transformation},
	publisher = {Martin Robertson},
	author = {Cornwall, J.},
	year = {1977},
}

@article{corseuil_expansao_2011,
	title = {Expansão {Econômica} e {Aumento} da {Formalização} das {Relações} de {Trabalho}: uma abordagem através das contratações},
	number = {1571},
	journal = {IPEA Texto para Discussão},
	author = {Corseuil, Carlos H. L. and Foguel, Miguel N.},
	year = {2011},
}

@article{costa_junior_mudancestrutural_2010,
	title = {Mudança estrutural e crescimento econômico no {Brasil}: uma análise do período 1990-2003 usando a noção de setor verticalmente integrado},
	volume = {20},
	number = {1},
	journal = {Nova Economia},
	author = {Costa Junior, Leopoldo and Teixeira, Joanilio R.},
	year = {2010},
	note = {Place: Belo Horizonte},
	pages = {85--116},
}

@book{costa_compendio_2009,
	address = {Lisboa},
	title = {Compêndio de {Economia} {Regional}: teoria, temáticas e políticas},
	publisher = {Principia},
	author = {Costa, José Silva and Nijkamp, Peter},
	year = {2009},
}

@article{czepiel_word_1974,
	title = {Word of {Mouth} {Process} in the {Diffusion} {Process} of a {Major} {Technological} {Innovation}},
	volume = {11},
	number = {2},
	journal = {Journal of Marketing Research},
	author = {Czepiel, J. A.},
	year = {1974},
	pages = {172--180},
}

@book{daly_steady-state_1977,
	address = {Washington - EUA},
	edition = {1},
	title = {Steady-{State} {Economics}},
	publisher = {Island Press},
	author = {Daly, Herman E.},
	year = {1977},
}

@book{daly_steady-state_1991,
	address = {Washington - EUA},
	edition = {2},
	title = {Steady-{State} {Economics}},
	publisher = {Island Press},
	author = {Daly, Herman E.},
	year = {1991},
}

@book{daly_beyond_1996,
	address = {Boston - EUA},
	title = {Beyond {Gorwth}},
	publisher = {Beacon Press},
	author = {Daly, Herman E.},
	year = {1996},
}

@article{damania_resources_2008,
	title = {Resources for {Sale}: {Corruption}, {Democracy} and the {Natural} {Resource} {Course}},
	volume = {8},
	number = {1},
	journal = {The B.E. Journal of Economic Analysis \& Policy},
	author = {Damania, R. and Bulte, E.},
	year = {2008},
}

@article{david_clio_1985,
	title = {Clio and the {Economics} of {QWERTY}},
	volume = {75},
	number = {5},
	journal = {American Economic Review},
	author = {David, Paul A.},
	year = {1985},
	pages = {332--337},
}

@inproceedings{david_path_2005,
	address = {Cambridge-Mass},
	title = {Path {Dependence} in economic process: implications for policy analisys in dynamical systems contexts},
	booktitle = {The {Evolutionary} {Foundations} of {Economics}},
	publisher = {Cambridge University Press},
	author = {David, Paul A.},
	editor = {Dopfer, Kurt},
	year = {2005},
	pages = {151--194},
}

@book{davis_job_1996,
	address = {Cambridge, Mass.},
	title = {Job {Creation} and {Descruction}},
	publisher = {MIT Press},
	author = {Davis, S. and Haltiwanger, J. and Schuch, S.},
	year = {1996},
}

@inproceedings{day_adapting_2001,
	address = {Massachusetts-USA},
	title = {Adapting, {Learning} and {Economizing}},
	booktitle = {Evolutionary {Economics}: {Program} and {Scope}},
	publisher = {Kluwer Academic publishers},
	author = {Day, Richard},
	editor = {Dopfer, Kurt},
	year = {2001},
	pages = {277--297},
}

@article{dawid_agent-based_2005,
	title = {Agent-based {Models} of {Innovation} and {Technological} {Change}},
	number = {88},
	journal = {Working Paper University of Bielefeld},
	author = {Dawid, H.},
	year = {2005},
}

@article{deaton_analysis_1974,
	title = {The analysis of consumer demand in the {United} {Kingdon}},
	volume = {42},
	journal = {Econometrica},
	author = {Deaton, Angus},
	year = {1974},
	pages = {338--348},
}

@article{deaton_measurement_1975,
	title = {The measurement of income and price elasticities},
	volume = {6},
	journal = {European Economic Review},
	author = {Deaton, Angus},
	year = {1975},
	pages = {261--274},
}

@article{deaton_specification_1978,
	title = {Specification and testing in applied demand analysis},
	volume = {88},
	journal = {Economic Journal},
	author = {Deaton, Angus},
	year = {1978},
	pages = {524--536},
}

@book{deaton_economics_1980,
	address = {Cambridge-USA},
	title = {Economics and consumer behavior},
	publisher = {Cambridge University Press},
	author = {Deaton, Angus and Muellbauer, John},
	year = {1980},
}

@book{deaton_understanding_1992,
	address = {New York},
	title = {Understanding {Consumption}},
	publisher = {Oxford University Press},
	author = {Deaton, Angus},
	year = {1992},
}

@book{deaton_analysis_1997,
	address = {Washington D.C},
	title = {The {Analysis} of {Household} {Surveys}: {A} {Microeconometric} {Approach} to {Development} {Policy}},
	publisher = {The World Bank},
	author = {Deaton, Angus},
	year = {1997},
}

@article{deaton_poverty_2002,
	title = {Poverty and {Inequality} in {India}: {A} {Reexamination}},
	volume = {107},
	journal = {Princeton University, Working Paper},
	author = {Deaton, Angus and Dreza, J},
	year = {2002},
}

@book{degushi_economics_2004,
	address = {Tokyo},
	title = {Economics as an agent-based system},
	publisher = {Springer-Verlag},
	author = {Degushi, H.},
	year = {2004},
}

@article{delli_gatti_financial_2003,
	title = {Financial fragility, patterns of firm's entry and exit and aggregate dynamics},
	volume = {51},
	doi = {10.1016/S0167-2681(02)00138-5},
	number = {1},
	journal = {Journal of Economic Behavior and Organization},
	author = {Delli Gatti, D. and Gallegati, M. and Giulioni, G. and Palestrini, A.},
	year = {2003},
	pages = {79--97},
}

@article{diamond_national_1965,
	title = {National {Debt} in a {Neoclassical} {Growth} {Model}},
	volume = {55},
	journal = {American Economic Review},
	author = {Diamond, Peter A.},
	year = {1965},
	pages = {1126--1150"},
}

@book{diamond_guns_1997,
	address = {New York},
	title = {Guns, {Germs} and {Steel}: {The} {Fates} of {Human} {Societies}},
	publisher = {W. W, Norton {\textbackslash}verb!\&! Co.},
	author = {Diamond, J.},
	year = {1997},
}

@article{dias_why_2011,
	title = {Why {Are} {Some} {Prices} {Stickier} {Than} {Others}?},
	number = {1306},
	journal = {European Central Bank Working Paper},
	author = {Dias, D. and Marques, C. and Martins, F. and Silva, J.},
	year = {2011},
}

@book{dieckmann_stochastic_1984,
	address = {Orlando},
	title = {Stochastic {Modelling} of {Social} {Processes}},
	publisher = {Academic Press},
	author = {Dieckmann, A. and Mitter, P.},
	year = {1984},
}

@article{ding_price_2010,
	title = {Price as an {Indicator} of {Quality}: {Implications} for {Utility} and {Demand} {Functions}},
	volume = {1},
	number = {86},
	journal = {Journal of Retailing},
	author = {Ding, M. and Ross, T. and Vithala, R.},
	year = {2010},
	pages = {69--84},
}

@article{dixit_monopolistic_1977,
	title = {Monopolistic {Competition} and {Optimum} {Product} {Diversity}},
	volume = {67},
	journal = {American Economic Review},
	author = {Dixit, Avinash K. and Stiglitz, Joseph.},
	year = {1977},
	pages = {297--308},
}

@article{dixit_entry_1989,
	title = {Entry and {Exit} {Decisions} under {Uncertainty}},
	volume = {97},
	number = {3},
	journal = {Journal of Political Economy},
	author = {Dixit, A.},
	year = {1989},
	pages = {620--638},
}

@book{dopfer_evolutionary_2001,
	address = {EUA},
	title = {Evolutionary {Economics}: {Program} and {Scope}},
	publisher = {Kluwer Academic publishers},
	author = {Dopfer, Kurt},
	year = {2001},
}

@incollection{dopfer_evolutionary_2004,
	title = {Evolutionary foundations of economics},
	booktitle = {Evolution and {Economic} {Complexity}},
	publisher = {Edward Elgar},
	author = {Dopfer, Kurt},
	editor = {Metcalfe, J. Stanley and Foster, John},
	year = {2004},
}

@book{dopfer_evolutionary_2005,
	address = {Cambridge-Mass},
	title = {The {Evolutionary} {Foundations} of {Economics}},
	publisher = {Cambridge University Press},
	author = {Dopfer, Kurt},
	year = {2005},
}

@article{domar_capital_1946,
	title = {Capital {Expansion}, {Rate} of {Growth}, and {Employment}},
	volume = {14},
	number = {2},
	journal = {Econometrica},
	author = {Domar, Evsey D.},
	year = {1946},
	pages = {137--147},
}

@article{domar_expansion_1947,
	title = {Expansion and {Employment}},
	volume = {37},
	number = {1},
	journal = {The American Economic Review},
	author = {Domar, Evsey D.},
	year = {1947},
	pages = {34--55},
}

@article{domar_problem_1948,
	title = {The {Problem} of {Capital} {Accumulation}},
	volume = {38},
	number = {5},
	journal = {The American Economic Review},
	author = {Domar, Evsey D.},
	year = {1948},
	pages = {777--794},
}

@article{dosi_process_1994,
	title = {The process of economic development: introducing some stylized facts and theories on technologies, firms and institutions},
	volume = {3},
	journal = {Industrial and Corporate Change},
	author = {Dosi, G. and Freeman, C. and Fabiani, S.},
	year = {1994},
	pages = {168--203},
}

@inproceedings{dosi_convergence_1994,
	title = {Convergence and {Divergence} in the {Long}-{Term} {Growth} of {Open} {Economies}},
	booktitle = {The {Economies} of {Growth} and {Technical} {Change}:{Tecnologies}, {Nations}, {Agents}},
	publisher = {E. Elgar},
	author = {Dosi, G. and Fabiani, S.},
	editor = {Silverberg, G. and Soete, Soete},
	year = {1994},
}

@article{durlauf_what_1997,
	title = {What should {Policymakers} {Know} {About} {Economic} {Complexity}?},
	volume = {1997-10-080},
	journal = {SFI Working Papers},
	author = {Durlauf, Peter E.},
	year = {1997},
}

@book{dutt_growth_1990,
	address = {Cambridge UK},
	title = {Growth, {Distribution} and {Uneven} {Development}},
	publisher = {Cambridge University Press},
	author = {Dutt, Amitava},
	year = {1990},
}

@article{earl_behavior_1986,
	title = {A {Behavior} {Analysis} of {Demand} {Elasticities}},
	volume = {13},
	journal = {Journal of Economics Studies},
	author = {Earl, Peter E.},
	year = {1986},
	pages = {20--37},
}

@book{easterly_elusive_2002,
	address = {Massachussets, EUA},
	title = {The {Elusive} {Quest} for {Growth}: {Economists}' {Adventures} and {Misadventures} in the {Tropics}},
	publisher = {The MIT Press},
	author = {Easterly, Willian Russel},
	year = {2002},
}

@article{ellery_junior_produtividade_2011,
	title = {Produtividade {Total} dos {Fatores} e {Acumulação} de {Capital} no {Brasil}},
	number = {08},
	journal = {UFPR, Departamento de Economia, Textos de discussão},
	author = {Ellery Junior, Roberto},
	year = {2011},
	note = {Place: Curitiba, Paraná, Brasil},
	pages = {1--17},
}

@article{ellison_learning_1993,
	title = {Learning, {Social} {Interaction}, and {Coordination}},
	number = {61},
	journal = {Econometrica},
	author = {Ellison, G.},
	year = {1993},
	pages = {1047--1071},
}

@book{enders_applied_2003,
	address = {EUA},
	edition = {2nd},
	title = {Applied {Econometric} {Time} {Series}},
	publisher = {John Wiley and Sons, INC},
	author = {Enders, Walter},
	year = {2003},
}

@article{engel_produktions-und_1857,
	title = {Die {Produktions}-und {Consumtionsverhaltnisse} des {Konigreichs} {Sachsen}},
	journal = {Zeitschrift des Statistischen Bureaus des Koniglich Sachischen Ministeriums des Innern},
	author = {Engel, Ernest},
	year = {1857},
	pages = {1--54},
}

@article{engle_autoregressive_1982,
	title = {Autoregressive {Conditional} {Heteroscedasticity} with {Estimates} of the {Variance} of {United} {Kingdom} {Inflation}},
	volume = {50},
	copyright = {Copyright © 1982 The Econometric Society},
	issn = {00129682},
	url = {http://www.jstor.org/stable/1912773},
	number = {4},
	journal = {Econometrica},
	author = {Engle, Robert F.},
	year = {1982},
	note = {Publisher: The Econometric Society},
	pages = {pp. 987--1007},
}

@article{eichner_theory_1999,
	title = {A {Theory} of the {Determination} of the {Mark}-up {Under} {Oligopoly}},
	volume = {83},
	number = {332},
	journal = {The Economic Journal},
	author = {Eichner, Alfred S.},
	year = {1999},
	pages = {1184--1200},
}

@book{epstein_growing_1996,
	address = {Massachussets, EUA},
	title = {Growing {Artificial} {Societies}: {Social} {Science} from the {Bottom} {Up} ({Complex} {Adaptive} {Systems})},
	publisher = {The MIT Press},
	author = {Epstein, Joshua M.},
	year = {1996},
}

@book{epstein_generative_2006,
	address = {Princeton, New Jersey, EUA},
	title = {Generative {Social} {Science}: {Studies} in agent-based computacional modeling},
	publisher = {Princeton University Press},
	author = {Epstein, Joshua M.},
	year = {2006},
}

@book{erdi_complexity_2008,
	address = {Berlin Heidelberg},
	title = {Complexity {Explained}},
	publisher = {Springer-Verlag},
	author = {Érdi, PÉter},
	year = {2008},
}

@article{ethier_national_1982,
	title = {National and {International} {Returns} to {Scale} in the {Modern} {Theory} of {International} {Trade}},
	volume = {72},
	journal = {American Economic Review},
	author = {Ethier, Wilfred J.},
	year = {1982},
	pages = {389--405},
}

@article{etzioni_opening_1985,
	title = {Opening the {Preferences}: {A} {Socio}-{Economic} {REserch} {Agenda}},
	volume = {14},
	journal = {Journal of Behavioral Economics},
	author = {Etzioni, A.},
	year = {1985},
	pages = {183--205},
}

@article{fagerberg_productivity_1999,
	title = {Productivity, {RD} spillovers and trade},
	volume = {3},
	journal = {Working Paper, Centre for Technology, Innovation and Culture, University of Oslo},
	author = {Fagerberg, J and Verspagen, B},
	year = {1999},
}

@article{fagerberg_technological_2000,
	title = {Technological progress, structural change and productivity growth: a comparative study},
	volume = {5},
	journal = {Working Paper, Centre for Technology, Innovation and Culture, University of Oslo},
	author = {Fagerberg, J},
	year = {2000},
}

@inproceedings{feitosa_regional_2007,
	address = {Aracaju-SE, Brasil},
	title = {Do {Regional} ao {Local}: {Uma} {Transição} {Conceitual}},
	booktitle = {Desenvolvimento regional e local: exploração de novas abordagens},
	publisher = {Editora Univ. Federal de Sergipe-UFS},
	author = {Feitosa, Cid Olival},
	editor = {Melo, Ricardo Oliveira L. de and Hansen, Dean Lee},
	year = {2007},
}

@inproceedings{fernandes_multiples_2013,
	address = {Federal University of Paraná, Brazil},
	title = {Multiples heuristics in consumption decision},
	author = {Fernandes, Adriana Sbicca and Fernandes, Andrè L. and Pereima, João Basilio},
	year = {2013},
}

@book{fisher_theory_1930,
	address = {NewYork},
	title = {The {Theory} of {Interest}},
	publisher = {MacMillan},
	author = {Fisher, Irving},
	year = {1930},
}

@article{fischer_primary_1939,
	title = {Primary, {Secondary} and {Tertiary} {Production}},
	volume = {15},
	number = {June},
	journal = {Economic Record},
	author = {Fischer, A.G.B.},
	year = {1939},
	pages = {24--38},
}

@book{foellmi_consumption_2005,
	address = {Cambridge, MA},
	title = {Consumption {Structure} and {Macroeconomics}: {Structural} {Change} and the {Relationship} {Between} {Inequality} and {Growth}},
	publisher = {Springer},
	author = {Foellmi, Reto},
	year = {2005},
}

@article{foellmi_macroeconomics_2014,
	title = {The macroeconomics of {Model} {T}},
	volume = {153},
	journal = {Journal of Economic Theory},
	author = {Foellmi, R. and Wuergler, T. and Zweimuller, J.},
	year = {2014},
	pages = {617--647},
}

@book{foley_growth_1999,
	address = {London, England},
	title = {Growth and {Distribution}},
	publisher = {Harvard University Press},
	author = {Foley, Duncan K. and Michl, Thomas R.},
	year = {1999},
}

@article{foster_analytical_1997,
	title = {The analytical foundations of evolutionary economics: {From} biological analogy to economic self-organization},
	volume = {8},
	number = {4},
	journal = {Structural Change and Economic Dynamics},
	author = {Foster, John},
	year = {1997},
}

@article{franck_expenditure_2010,
	title = {Expenditure {Cascades}},
	journal = {Working Paper},
	author = {Franck, R. and Levine, A. and Dijk, O.},
	year = {2010},
}

@article{frankel_production_1962,
	title = {The {Production} {Function} in {Allocation} and {Growth}: {A} {Synthesis}},
	volume = {52},
	journal = {American Economic Review},
	author = {Frankel, Marvin},
	year = {1962},
	pages = {995--1022},
}

@book{friedman_theory_1954,
	address = {Princeton, EUA},
	title = {A {Theory} of the {Consumption} {Function}},
	publisher = {Princeton University Press for NBER},
	author = {Friedman, Milton},
	year = {1954},
}

@article{friedman_role_1968,
	title = {The {Role} of {Monetary} {Policy}},
	volume = {58},
	number = {1},
	journal = {The American Economic Review},
	author = {Friedman, Milton},
	year = {1968},
}

@article{fudenberg_learning-by-doing_1983,
	title = {Learning-{By}-{Doing} and {Market} {Performance}},
	number = {14},
	journal = {Bell Journal of Economics},
	author = {Fudenberg, D. and Tirole, J.},
	year = {1983},
	pages = {522--530},
}

@article{de_la_fuente_innovation_1996,
	title = {Innovation, bank monitoring, and endogenous financial development},
	volume = {38},
	journal = {Journal of Monetary Economics},
	author = {De la Fuente, A. and Marin, J.M.},
	year = {1996},
	pages = {269--301},
}

@book{fujita_spatial_1999,
	address = {Cambridge},
	title = {The spatial economy: cities,regions and international trade},
	publisher = {MIT Press},
	author = {Fujita, M.; Krugman, P.; Venables, A. J.},
	year = {1999},
}

@book{galbraith_affluent_1958,
	address = {Cambridge, Massachusetts},
	title = {The {Affluent} {Society}},
	publisher = {The Riverside Press},
	author = {Galbraith, John K.},
	year = {1958},
}

@article{galetovic_specialization_1996,
	title = {Specialization, intermediation and growth},
	volume = {38},
	issn = {0304-3932},
	url = {http://www.sciencedirect.com/science/article/pii/S0304393297846934},
	doi = {10.1016/S0304-3932(97)84693-4},
	number = {3},
	journal = {Journal of Monetary Economics},
	author = {Galetovic, Alexander},
	year = {1996},
	pages = {549--559},
}

@article{gallegati_complex_2003,
	title = {Complex dynamics and financial fragility in an agent-based model},
	volume = {6},
	doi = {10.1142/S0219525903000888},
	number = {3},
	journal = {Advances in Complex Systems},
	author = {Gallegati, M. and Giulioni, G. and Dichiji, N.},
	year = {2003},
	pages = {267--282},
}

@article{galor_natural_2002,
	title = {Natural {Selection} and the {Origin} of {Economic} {Growth}},
	volume = {117},
	url = {http://www.jstor.org/stable/4132476},
	number = {4},
	journal = {The Quarterly Journal of Economics},
	author = {Galor, Oded and Moav, Omer},
	year = {2002},
	note = {Publisher: Oxford University Press},
	pages = {pp. 1133--1191},
}

@article{galor_inequality_2009,
	title = {Inequality in {Landownership}, the {Emergence} of {Human}-{Capital} {Promoting} {Institutions}, and the {Great} {Divergence}},
	volume = {76},
	url = {http://www.jstor.org/stable/20185087},
	number = {1},
	journal = {The Review of Economic Studies},
	author = {Galor, Oded and Moav, Omer and Vollrath, Dietrich},
	year = {2009},
	note = {Publisher: Oxford University Press},
	pages = {pp. 143--179},
}

@article{galor_out_2009,
	title = {The {Out} of {Africa} {Hypothesis}, {Human} {Genetic} {Diversity}, and {Comparative} {Economic} {Development}},
	journal = {Working Paper},
	author = {Galor, Oded and Ashraf, Quanrul},
	year = {2009},
	note = {Place: Brown University, Providence, RI},
}

@book{galor_unified_2011,
	address = {Oxford UK, Princeton, USA},
	title = {Unified {Growth} {Theory}},
	publisher = {Princeton University Press},
	author = {Galor, Oded},
	year = {2011},
}

@book{gehz_allocation_1975,
	address = {New Your-USA},
	title = {The {Allocation} of {Time} and {Goods} over the {Life} {Cycle}},
	publisher = {NBER},
	author = {Gehz, G. R. and Becker, Gary S.},
	year = {1975},
}

@book{gelb_windfal_1988,
	address = {New Your-USA},
	title = {Windfal {Gains}: {Blessing} or {Curse}?},
	publisher = {Oxford University Press},
	author = {Gelb, A. H.},
	year = {1988},
}

@book{georgescu-roegen_entropy_1971,
	address = {Cambridge, Massachusetts},
	title = {The {Entropy} {Law} and the {Economic} {Process}},
	publisher = {Harvard University Press},
	author = {Georgescu-Roegen, Nicholas},
	year = {1971},
}

@book{gilad_handbook_1986,
	address = {Greenwich, CT},
	title = {Handbook of {Behavioral} {Economics}: {Behavioral} {Microeconomics}},
	publisher = {JAI Press},
	author = {Gilad, B and Kaish, S.},
	year = {1986},
}

@book{gilad_handbook_1986-1,
	address = {Greenwich, CT},
	title = {Handbook of {Behavioral} {Economics}: {Behavioral} {Microeconomics}},
	publisher = {JAI Press},
	author = {Gilad, B and Kaish, S.},
	year = {1986},
}

@book{gilbert_agent-based_2008,
	address = {Los Angeles},
	title = {Agent-{Based} {Models}},
	publisher = {SAGE Publications},
	author = {Gilbert, Nigel},
	year = {2008},
}

@book{gilovich_heuristics_2008,
	address = {Cambridge, NY},
	title = {Heuristics and {Biases}: {The} {Psychology} of {Intuitive} {Judgement}},
	publisher = {Cambridge University Press},
	author = {Gilovich, T. and Griffin, D. and Kahneman, D.},
	year = {2008},
}

@book{gintis_moral_2005,
	address = {Cambridge, Massachusetts},
	title = {Moral {Sentiments} and {Material} {Interests}: {The} {Foundations} of {Cooperations} in the {Economic} {Life}},
	publisher = {The MIT Press},
	author = {Gintis, Herbert and al, et},
	year = {2005},
}

@book{goldsmith_financial_1969,
	address = {New Haven, Conn.},
	title = {Financial {Structure} and {Development}},
	publisher = {Yale University Press},
	author = {Goldsmith, Raymond W.},
	year = {1969},
}

@article{gourinchas_consumption_2002,
	title = {Consumption over the {Life} {Cycle}},
	volume = {70},
	url = {http://www.jstor.org/stable/2692163},
	number = {1},
	journal = {Econometrica},
	author = {Gourinchas, Pierre Olivier and Parker, Jonathan A.},
	year = {2002},
	pages = {47--89},
}

@book{grandville_economic_2009,
	address = {New Yoprk, USA},
	title = {Economic {Growth}: {A} {Unified} {Approach}},
	publisher = {Cambridge University Press},
	author = {Grandville, Oliver de la},
	year = {2009},
}

@article{granoveter_threshold_1986,
	title = {Threshold {Models} of {Interpersonal} {Effects} on {Consumer} {Demand}},
	volume = {7},
	journal = {Journal of Economic Behavior and Organization},
	author = {Granoveter, M.},
	year = {1986},
	pages = {83--99},
}

@article{granoveter_threshold_1978,
	title = {Threshold {Models} of {Collective} {Behabiour}},
	volume = {83},
	number = {6},
	journal = {The American Journal of Sociology},
	author = {Granoveter, M.},
	year = {1978},
	pages = {1420--1443},
}

@article{greenhut_size_1959,
	title = {Size of markets versus transport cost in idustrial location surveys and theory},
	volume = {8},
	journal = {Journal of Industrial Economics},
	author = {Greenhut, M.},
	year = {1959},
	pages = {172--184},
}

@article{greenhut_when_1964,
	title = {When is the demand factor location important},
	volume = {40},
	journal = {Land Economics},
	author = {Greenhut, M.},
	year = {1964},
	pages = {175--184},
}

@article{greenwood_financial_1990,
	title = {Financial development, growth, and the distribution of income},
	volume = {98},
	journal = {Journal of Political Economy},
	author = {Greenwood, J. and Jovanovic, B.},
	year = {1990},
	pages = {1076--1107},
}

@book{gribbin_deep_2005,
	address = {London},
	title = {Deep {Simplicity}: {Bringing} {Order} to {Chaos} and {Complexity}},
	publisher = {Random House},
	author = {Gribbin, J.},
	year = {2005},
}

@article{griliches_issues_1979,
	title = {Issues in {Assessing} the {Contribution} of {Research} and {Development} to {Produtivity} {Growth}},
	volume = {10},
	number = {1},
	journal = {Bell Journal of Economics},
	author = {Griliches, Zvi},
	year = {1979},
	pages = {92--116},
}

@article{grossman_trade_1991,
	title = {Trade, knowledge spillovers and growth},
	volume = {35},
	number = {3},
	journal = {European Economic Review},
	author = {Grossman, G. M. and Helpman, E.},
	year = {1991},
	pages = {517--526},
}

@article{grossman_endogenous_1994,
	title = {Endogenous innovation in the theory of growth},
	volume = {1},
	number = {8},
	journal = {Journal of Economic Perspectives},
	author = {Grossman, G. M. and Helpman, E},
	year = {1994},
	pages = {23--44},
}

@book{gros_comlpex_2008,
	address = {Berlin, Germany},
	title = {Comlpex and {Adaptative} {Dynamical} {Systems}: {A} {Prime}},
	publisher = {Springer-Verlag},
	author = {Gros, Claudius},
	year = {2008},
}

@book{gujarati_econometria_2006,
	address = {Rio de Janeiro},
	title = {Econometria {Básica}},
	publisher = {Editora Campus/Elsevier},
	author = {Gujarati, Damodar},
	year = {2006},
}

@article{gylfason_natural_2001,
	title = {Natural {Resources}, {Education}, and {Economic} {Development}},
	volume = {45},
	journal = {European Economic Review},
	author = {Gylfason, Thorvaldur},
	year = {2001},
	pages = {847--859},
}

@inproceedings{gylfason_natural_2004,
	title = {Natural {Resources} and {Economic} {Growth}: {The} {Role} of {Investment}, {Dynamics}, {Economic} {Growth}, and {International} {Trade}},
	publisher = {DEGIT Conference Papers},
	author = {Gylfason, Thorvaldur and Zoega, Gylfi},
	year = {2004},
}

@article{hall_price_1939,
	title = {Price theory and business behaviour},
	volume = {2},
	journal = {Oxford Economic Papers},
	author = {Hall, R. and C, Hitch},
	year = {1939},
	pages = {12--45},
}

@article{hall_theory_1979,
	title = {A theory of natural unemployment rate and the duration of employment},
	volume = {5},
	journal = {Journal of Monetary Economics},
	author = {Hall, R.},
	year = {1979},
	pages = {153--169},
}

@article{hahn_theory_1964,
	title = {The {Theory} of {Economic} {Growth}: {A} {Survey}},
	volume = {74},
	number = {296},
	journal = {The Economic Journal},
	author = {Hahn, F. H. and Matthews, R. C. O.},
	year = {1964},
	pages = {779--902},
}

@book{hands_reflection_2001,
	address = {Cambridge, Massachusetts},
	title = {Reflection without {Rules}: {Economic} {Methodology} and {Contemporary} {Science} {Theory}},
	publisher = {Cambridge University Press},
	author = {Hands, D. Wade},
	year = {2001},
}

@inproceedings{hansen_desenvolvimento_2007,
	address = {Aracaju-SE, Brasil},
	title = {Desenvolvimento regional e local: exploração de novas abordagens},
	booktitle = {Desenvolvimento {Regional} e {Local}: novas e velhas questões},
	publisher = {Editora Univ. Federal de Sergipe-UFS},
	author = {Hansen, Dean Lee and Melo, Ricardo Oliveira L. de},
	editor = {Melo, Ricardo Oliveira L. de and Hansen, Dean Lee},
	year = {2007},
}

@book{hanuschs_evolutionary_1988,
	address = {Cambridge, Massachusetts},
	title = {Evolutionary {Economics}: {Applications} of {Schumpeter}'s ideas},
	publisher = {Cambridge University Press},
	author = {Hanuschs, Horst},
	year = {1988},
}

@article{harcourt_cambridge_1969,
	title = {Some {Cambridge} {Controversies} in the {Theory} of {Capital}},
	volume = {7, No. 2},
	journal = {journal of Economic Literature},
	author = {Harcourt, G. C.},
	year = {1969},
	pages = {369--405},
}

@book{harcourt_cambridge_1972,
	address = {London},
	title = {Some {Cambridge} {Controversies} in the {Theory} of {Capital}},
	publisher = {Cambridge University Press},
	author = {Harcourt, G. C.},
	year = {1972},
}

@article{hardin_tragedy_1968,
	title = {The {Tragedy} of {Commons}},
	volume = {142},
	journal = {Science},
	author = {Hardin, Garret},
	year = {1968},
	pages = {1243--1248},
}

@article{harrod_review_1937,
	title = {Review of {Joan} {Robinson}'s '{Essays} in the {Theory} of {Employment}'},
	volume = {47, No. 186},
	journal = {The Economic journal},
	author = {Harrod, Roy F.},
	year = {1937},
	pages = {14--33},
}

@article{harrod_essay_1939,
	title = {An {Essay} in {Dinamic} {Economics}},
	volume = {49, No. 193},
	journal = {The Economic Journal},
	author = {Harrod, Roy F.},
	year = {1939},
	pages = {14--33},
}

@book{harrod_towards_1948,
	address = {London},
	title = {Towards a {Dynamic} {Economics}},
	publisher = {MacMillan and Co.},
	author = {Harrod, Roy F.},
	year = {1948},
}

@article{harrod_notes_1951,
	title = {notes on {Trade} {Cycle} {Theory}},
	volume = {61, No 242},
	journal = {The Economic journal},
	author = {Harrod, Roy F.},
	year = {1951},
	pages = {261--275},
}

@article{harrod_second_1960,
	title = {Second {Essay} in {Dinamic} {Economics}},
	volume = {70, No 278},
	journal = {The Economic journal},
	author = {Harrod, Roy F.},
	year = {1960},
	pages = {277--293},
}

@book{harrod_economics_1973,
	address = {London},
	title = {Economics {Dynamics}},
	publisher = {MacMillan and Co.},
	author = {Harrod, Roy F.},
	year = {1973},
}

@article{heckam_shadow_1974,
	title = {Shadow {Prices}, market wages and labor suplly},
	volume = {42},
	journal = {Econometrica},
	author = {Heckam, J. J.},
	year = {1974},
	pages = {277--293},
}

@book{hicks_theory_1932,
	address = {London},
	edition = {2nd ed. [1963]},
	title = {The {Theory} of {Wages}},
	publisher = {MacMillan},
	author = {Hicks, John},
	year = {1932},
}

@book{hicks_value_1939,
	address = {Aaaaaaaaaa},
	title = {Value and {Capital}},
	publisher = {Ppppppppppppppppp},
	author = {Hicks, John},
	year = {1939},
}

@inproceedings{higachi_regimes_2013,
	address = {Foz do Iguaçu, Brasil},
	title = {Regimes de {Financiamento}, {Mudança} {Tecnológica} e {Ciclo} {Econômico}},
	booktitle = {41o. {Encontro} {Nacional} de {Economia} - {ANPEC}},
	author = {Higachi, Hermes. Y. and Lima, Gilberto. T. and Pereima, Joao Basilio},
	year = {2013},
}

@book{higuchi_life_2008,
	address = {Hersheys, NY},
	title = {Life {Cycle} {Management} in {Supply} {Chains}},
	publisher = {IGI Publishing},
	author = {Higuchi, T. and Trout, M.},
	year = {2008},
}

@book{hirschman_strategie_1974,
	address = {Paris},
	title = {Stratégie du dévelopement économique},
	publisher = {Les Ed. Ouvriéres},
	author = {Hirschman, Albert O.},
	year = {1974},
}

@inproceedings{hirshman_generalized_1977,
	title = {A generalized linkage approach to development with special reference to staples},
	booktitle = {Essays on {Economic} development and {Cultural} {Change} in {Honor} of {Bert} {F}. {Hoselitz}},
	publisher = {Chicago III: University of Chicago Press},
	author = {Hirshman, Albert O.},
	year = {1977},
	pages = {67--98},
}

@book{hodgson_economics_1996,
	address = {EUA},
	title = {Economics and {Evolution}: {Bringinf} life back into economics},
	publisher = {The University of Michigan Press},
	author = {Hodgson, Geoffrey M.},
	year = {1996},
}

@article{pamela_perceived_2007,
	title = {Perceived quality and image: {When} all is not rosy},
	number = {61},
	journal = {Journal of Business Research},
	author = {Pamela, H},
	year = {2007},
	pages = {715--723},
}

@book{holland_emergence_1998,
	address = {EUA},
	title = {Emergence: {From} {Chaos} to {Order}},
	publisher = {Basic Books},
	author = {Holland, John},
	year = {1998},
}

@article{hoover_measurement_1936,
	title = {The measurement of industrial localisation},
	volume = {18},
	number = {4},
	journal = {The Reviews of Economics and Statistics},
	author = {Hoover, E. M.},
	year = {1936},
	pages = {162--171},
}

@article{horioka_why_1997,
	title = {Why do {People} {Save}? {A} {Micro}-{Analysis} of {Motives} for {Households} {Saving} in {Japan}},
	volume = {107},
	number = {442},
	journal = {The Economic Journal},
	author = {Horioka, C.Y and Watanabe, Wakö},
	year = {1997},
	pages = {537--552},
}

@article{houthakker_engel_1987,
	title = {Engel curve},
	journal = {The New Palgrave Dictionary of Economics},
	author = {Houthakker, H.},
	year = {1987},
	note = {Place: EUA
Publisher: Mcmillan},
	pages = {142--143},
}

@article{hotelling_stability_1929,
	title = {Stability in competition},
	volume = {39},
	number = {153},
	journal = {The Economic Journal},
	author = {Hotelling, H.},
	year = {1929},
	pages = {41--57},
}

@article{iacopeta_technological_2008,
	title = {Technological progress and inequality: an ambiguous relationship},
	volume = {18},
	number = {3},
	journal = {Journal of Evolutionary Economics},
	author = {Iacopeta, M.},
	year = {2008},
	pages = {455--475},
}

@article{inada_two-sector_1963,
	title = {On a {Two}-{Sector} {Model} of {Economic} {Growth}: {Comments} and a {Generalization}},
	volume = {30},
	journal = {Review of Economic Studies},
	author = {Inada, Ken-ichi},
	year = {1963},
	pages = {119--127},
}

@book{innis_cod_1940,
	title = {The {Cod} {Fisheries}: {The} {History} of an {International} {Economy}},
	publisher = {Yale University Press},
	author = {Innis, Harold A.},
	year = {1940},
}

@book{ipea_mercado_2012,
	title = {Mercado de {Trabalho}: conjuntura e análise},
	publisher = {Instituto de Pesquisa Econômica Aplicada},
	author = {{IPEA}},
	year = {2012},
}

@article{isard_interregional_1951,
	title = {Interregional and regional input-output analysis: a model of a space economy},
	volume = {33},
	journal = {Review of Economics and Statistics},
	author = {Isard, W.},
	year = {1951},
	pages = {122--143},
}

@inproceedings{isard_gravity_1998,
	title = {Gravity and spatial interaction models},
	booktitle = {Methods of interregional and regional analysis},
	publisher = {Ashgate},
	author = {Isard, W.},
	year = {1998},
	pages = {245--279},
}

@book{jevons_theory_1897,
	address = {London},
	edition = {2},
	title = {The {Theory} of {Political} {Economy}},
	publisher = {MacMillan.},
	author = {Jevons, Willian S.},
	year = {1897},
}

@book{jones_introduction_1975,
	address = {EUA},
	title = {An {Introduction} to {Modern} {Theories} of {Economic} {Growth}},
	publisher = {Thomas Nelson and Sons Limited},
	author = {Jones, Hywel G.},
	year = {1975},
}

@article{jones_rd-based_1995,
	title = {R\&{D}-{Based} {Models} of {Economic} {Growth}},
	volume = {103, No.},
	journal = {journal of Political Economy},
	author = {Jones, Charles I.},
	year = {1995},
	pages = {759--784},
}

@book{jones_introduction_1998,
	address = {New York - EUA},
	title = {Introduction to {Economic} {Growth}},
	publisher = {W. W. Norton and Co, Inc},
	author = {Jones, Charles I.},
	year = {1998},
}

@book{jones_applied_2005,
	address = {New York - EUA},
	title = {Applied {Welfare} {Economics}},
	publisher = {Oxford University Press},
	author = {Jones, Chris},
	year = {2005},
}

@article{jones_schumpeterian_2015,
	title = {A {Schumpeterian} {Model} of {Top} {Income} {Inequality}},
	number = {20637},
	journal = {NBER Working Papers},
	author = {Jones, C. I. and Kim, J},
	year = {2015},
}

@article{jung_financial_1986,
	title = {Financial {Development} and {Economic} {Growth}: {International} {Evidence}},
	volume = {34},
	journal = {Economic Development and Cultural Change},
	author = {Jung, Woo S.},
	month = jan,
	year = {1986},
	pages = {333--346},
}

@article{kandler_innovation_2009,
	title = {Innovation {Diffusion} in {Time} and {Space}: {Effects} of {Social} {Information} and of {Income} {Inequality}},
	volume = {11},
	number = {3},
	journal = {Diffusion Fundamentals},
	author = {Kandler, A. and Steele, J.},
	year = {2009},
	pages = {1--17},
}

@article{kaldor_alternative_1956,
	title = {Alternative {Theory} of {Distribution}},
	volume = {23},
	number = {2},
	journal = {The Review of Economic Studies},
	author = {Kaldor, Nicholas},
	year = {1956},
	pages = {83--100},
}

@article{kaldor_model_1957,
	title = {A {Model} of {Economic} {Growth}},
	volume = {67},
	number = {268},
	journal = {The Economic Journal},
	author = {Kaldor, Nicholas},
	year = {1957},
	pages = {591--624},
}

@inproceedings{kaldor_capital_1961,
	address = {New York},
	title = {Capital {Accumulation} and {Economic} {Growth}},
	booktitle = {The {Theory} of {Capiatl}},
	publisher = {St. Martin's Press},
	author = {Kaldor, Nicholas},
	editor = {Lutz, F. A. and Hague, D. C.},
	year = {1961},
	pages = {177--222},
}

@incollection{kaldor_proceedings_1963,
	address = {London-UK},
	title = {Proceedings of a {Conference} {Held} by the {International} {Economics} {Assiation}},
	publisher = {Macmillan},
	author = {Kaldor, Nicholas},
	year = {1963},
	note = {Section: Capital Acumulation and Economic Growth},
}

@book{kaldor_causes_1966,
	address = {Cambridge},
	title = {Causes of the {Slow} {Growth} in the {United} {Kingdom}},
	publisher = {Cambridge University Press},
	author = {Kaldor, Nicholas},
	year = {1966},
}

@article{kaldor_irrelevance_1972,
	title = {The {Irrelevance} of {Equilibrium} {Economics}},
	volume = {82},
	number = {328},
	journal = {The Economic Journal},
	author = {Kaldor, Nicholas},
	year = {1972},
	pages = {1237--1255},
}

@book{kaldor_scourge_1982,
	address = {Oxford},
	title = {The {Scourge} of {Monetarism}},
	publisher = {Oxford University Press},
	author = {Kaldor, Nicholas},
	year = {1982},
}

@article{kaldor_how_1985,
	title = {How {Monetarism} {Failed}},
	volume = {28},
	number = {2},
	journal = {Challange},
	author = {Kaldor, Nicholas},
	month = jun,
	year = {1985},
	pages = {4--13},
}

@article{kalecki_determinants_1938,
	title = {The {Determinants} of {Distribution} of the {National} {Income}},
	journal = {Econometrica},
	author = {Kalecki, Michal},
	year = {1938},
	pages = {97--112},
}

@book{kalecki_essays_1939,
	address = {USA},
	title = {Essays in the {Theory} of {Economic} {Flutuations}},
	publisher = {Oxford University Press},
	author = {Kalecki, Michal},
	year = {1939},
}

@article{kalecki_full_1945,
	title = {Full {Employment} by {Stimulating} {Private} {Investment}},
	volume = {7},
	journal = {Oxford Economic Papers},
	author = {Kalecki, Michal},
	year = {1945},
	pages = {83--92},
}

@book{kalecki_theory_1954,
	address = {USA},
	title = {Theory of {Economic} {Dynamics}},
	publisher = {Oxford University Press},
	author = {Kalecki, Michal},
	year = {1954},
}

@article{kalecki_observations_1962,
	title = {Observations on the {Theory} of {Growth}},
	volume = {72},
	number = {285},
	journal = {Economic Journal},
	author = {Kalecki, Michal},
	year = {1962},
	pages = {134--153},
}

@incollection{kalecki_luta_1971,
	address = {São Paulo},
	title = {Luta de {Classe} e {Distribuição} da {Renda} {Nacional}},
	booktitle = {Crescimento e {Ciclo} das {Economias} {Capitalistas}},
	publisher = {Hucitec},
	author = {Kalecki, Michal},
	year = {1971},
}

@article{kalman_theory_1968,
	title = {Theory of {Consumer} {Behavior} {When} {Prices} {Enter} the {Utility} {Function}},
	volume = {36},
	number = {3/4},
	journal = {Econometrica},
	author = {Kalman, J.},
	year = {1968},
	pages = {497--510},
}

@article{kauffman_towards_1987,
	title = {Towards a general theory of adaptive walks on rugged landscapes},
	volume = {1987},
	number = {1},
	journal = {Journal of Theoretical Biology},
	author = {Kauffman, Stuart A. and Levin, Simon},
	year = {1987},
}

@article{kauffman_nk_1989,
	title = {The {NK} model of rugged fitness landscapes and its application to maturation of the immune response},
	volume = {141},
	number = {2},
	journal = {Journal of Theoretical Biology},
	author = {Kauffman, Stuart A. and Weinberger, Edward D.},
	year = {1989},
}

@article{katz_network_1985,
	title = {Network {Externalities}, {Competition} and {Compatibility}},
	volume = {75},
	journal = {American Economic Review},
	author = {Katz, M. and Shapiro, C.},
	year = {1985},
}

@book{kauffman_origins_1993,
	title = {The {Origins} of {Order}: {Self}-{Organization} and {Selection} in {Evolution}},
	publisher = {Oxford University Press},
	author = {Kauffman, Stuart A},
	year = {1993},
}

@article{kauffman_optimal_2000,
	title = {Optimal search on a technology landscape},
	volume = {43},
	journal = {Journal of Economic Behavior and Organization},
	author = {Kauffman, Stuart A., Lobo, J. and Macready, W. G.},
	year = {2000},
}

@article{keney_how_2010,
	title = {How do {Firms} {Set} {Prices}? {Evidence} {From} {Ireland}},
	number = {7RT10},
	journal = {Central Bank and Financial Services Authority of Ireland Research Papers},
	author = {Keney, M. and Lawless, M. and Murphy, A.},
	year = {2010},
}

@book{keynes_treatise_1930,
	address = {Great Britain},
	title = {A {Treatise} on {Money}},
	publisher = {Cambridge University Press - MacMillan},
	author = {Keynes, John Maynard},
	year = {1930},
}

@book{keynes_teoria_1936,
	address = {São Paulo, Brasil},
	title = {A {Teoria} {Geral} do {Emprego}, do {Juro} e da {Moeda}},
	publisher = {Abril Cultural},
	author = {Keynes, John Maynard},
	year = {1936},
}

@article{kennedy_surveys_1972,
	title = {Surveys in {Applied} {Economics}: {Technical} {Progress}},
	volume = {82},
	number = {325},
	journal = {The Economic Journal},
	author = {Kennedy, Charles and Thirlwall, A. P.},
	year = {1972},
	pages = {11--72},
}

@article{king_financial_1993,
	title = {Financial, entrepreneurship, and growth: {Theory} and evidence},
	volume = {32},
	journal = {Jounal of Monetary Economics},
	author = {King, Robert G. and Levine, Ross},
	year = {1993},
	pages = {513--542},
}

@incollection{kirman_complexity_2009,
	title = {Complexity and aggregation},
	booktitle = {Handbook of reasearch on complexity},
	publisher = {Edward Elgar},
	author = {Kirman, Alan},
	editor = {Rosser Jr., J. Barkley},
	year = {2009},
}

@book{klein_economic_1950,
	title = {Economic {Flutuations} in the {Unitd} {States}, 1921-1941},
	volume = {37},
	url = {http://www.sciencedirect.com/science/article/pii/0304407688900711},
	number = {1},
	author = {Klein, Lawrence R.},
	year = {1950},
	doi = {http://dx.doi.org/10.1016/0304-4076(88)90071-1},
	note = {ISSN: 0304-4076
Publication Title: Journal of Econometrics},
}

@article{klein_statistical_1988,
	title = {The statistical approach to economics},
	author = {Klein, Lawrence R.},
	year = {1988},
	note = {Place: EUA
Publisher: John Willey \& Sons},
}

@article{kongsamut_beyond_2001,
	title = {Beyond {Balanced} {Growth}},
	volume = {68},
	url = {http://restud.oxfordjournals.org/content/68/4/869.abstract},
	doi = {10.1111/1467-937X.00193},
	number = {4},
	journal = {The Review of Economic Studies},
	author = {Kongsamut, Piyabha and Rebelo, Sergio and Xie, Danyang},
	year = {2001},
	note = {\_eprint: http://restud.oxfordjournals.org/content/68/4/869.full.pdf+html},
	pages = {869--882},
}

@article{klepper_entry_1996,
	title = {Entry, exit, growth and innovation over the product life cycle},
	volume = {86},
	number = {3},
	journal = {American Economic Review},
	author = {Klepper, S.},
	year = {1996},
	pages = {562--583},
}

@article{kollat_customer_1964,
	title = {Customer {Impulse} {Purchasing} {Behavior}},
	volume = {4},
	number = {1},
	journal = {Journal of Marketing Research},
	author = {Kollat, T. and Willet, R.},
	year = {1964},
	pages = {21--31},
}

@book{koopmans_concept_1965,
	address = {Amsterdan: North Holland},
	title = {On the {Concept} of {Optimal} {Economic} {Growth}},
	publisher = {Elsevier},
	author = {Koopmans, Tjalling C.},
	year = {1965},
}

@book{kotler_marketing_2005,
	address = {Upple Saddle River, NJ},
	edition = {12},
	title = {Marketing {Management}},
	publisher = {Prentice Hall},
	author = {Kotler, P.},
	year = {2005},
}

@article{kotlikoff_contribution_1981,
	title = {The {Contribution} of {Intergenerational} {Transfers} in {Aggregate} {Capital} {Accumulation}},
	volume = {86},
	journal = {Journal of Political Economy},
	author = {Kotlikoff, Laurence J. and Summers, L. H.},
	year = {1981},
	pages = {706--732},
}

@book{kotlikoff_what_1989,
	address = {Cambridge, Mass},
	title = {What {Determines} {Savings}},
	publisher = {MIT Press},
	author = {Kotlikoff, Laurence J.},
	year = {1989},
}

@book{kregel_theory_1972,
	address = {London, Great Britain},
	title = {The {Theory} of {Economic} {Growth}},
	publisher = {The Macmillan Press Ltd},
	author = {Kregel, J. A.},
	year = {1972},
}

@article{krugman_narrow_1987,
	title = {The narrow moving band, the {Dutch} disease and the competitive consequences of {Mrs}. {Thatcher}},
	volume = {27},
	journal = {Journal of Development Economics},
	author = {Krugman, Paul R.},
	year = {1987},
	pages = {41--55},
}

@book{krugman_development_1997,
	address = {London},
	title = {Development, geography and economic theory},
	publisher = {The MIT Press},
	author = {Krugman, Paul},
	year = {1997},
}

@book{kurz_theory_1995,
	address = {New York},
	title = {Theory of {Production}: {A} {Long}-{Period} {Analysis}},
	publisher = {Cambridge University Press},
	author = {Kurz, heinz D. and Salvadori, Neri},
	year = {1995},
}

@book{kuznets_modern_1966,
	address = {New Haven, CT},
	title = {Modern {Economic} {Growth}},
	publisher = {Yale University Press},
	author = {Kuznets, Simon},
	year = {1966},
}

@article{laitner_structural_2000,
	title = {Structural {Change} and {Economic} {Growth}},
	volume = {67},
	journal = {Review of Economic Studies},
	author = {Laitner, John},
	year = {2000},
	pages = {545--561},
}

@book{launhardt_mathematische_1885,
	address = {Leipzig},
	title = {Mathematische {Begründun} der {Volkwirtschaftslehre}},
	author = {Launhardt, W.},
	year = {1885},
}

@inproceedings{laibman_rhetoric_2004,
	address = {Cheltenham, UK},
	title = {Rhetoric and {Substance} in {Value} {Theory}},
	booktitle = {The {New} {Value} {Controversy} and the {Foundations} of {Economics}},
	publisher = {Edward Elgar},
	author = {Laibman, David},
	year = {2004},
}

@article{leavett_note_1954,
	title = {A {Note} on {Some} {Experimental} {Findings} {About} the {Meaning} of {Price}},
	number = {27},
	journal = {Journal of Business},
	author = {Leavett, H. J.},
	year = {1954},
	pages = {205--2010},
}

@article{leiby_topics_1997,
	title = {Topics on {Modeling} {New} {Technology} {Introduction}: {Learning}-by-{Doing}, {Irreversible} {Investment}, {Risk} {Aversion}, and {Limited} {Foresight}},
	journal = {TAFV Model Technical Memorandum},
	author = {Leiby, P. and Rubin, J. and Lu, C.},
	year = {1997},
}

@article{leibenstein_bandwagon_1950,
	title = {Bandwagon, {Snob}, and {Veblen} {Effects} in the {Theory} of {Consumers}' {Demand}},
	volume = {64},
	number = {2},
	journal = {The Quarterly journal of Economics},
	author = {Leibenstein, H},
	year = {1950},
	pages = {183--207},
}

@article{leon-ledesma_endogeneity_2002,
	title = {The endogeneity of the natural rate of growth},
	volume = {26},
	doi = {10.1093/cje/26.4.481},
	number = {4},
	journal = {Cambridge Journal of Economics},
	author = {León-Ledesma, M.A. and Thirlwall, A.P.},
	year = {2002},
	pages = {481--500},
}

@article{lemos_minimum_2009,
	title = {Minimum wage effects in a developing country},
	volume = {16, No 2},
	journal = {Labour Economics},
	author = {Lemos, Sara},
	year = {2009},
	pages = {224--237},
}

@article{leontief_lags_1961,
	title = {Lags and the {Stability} of {Dynamic} {Systems}},
	volume = {29, No 4},
	journal = {Econometrica},
	author = {Leontief, W. W.},
	year = {1961},
	pages = {659--669},
}

@article{leontief_lags_1961-1,
	title = {Lags and the {Stability} of {Dynamic} {Systems}: a {Rejoinder}},
	volume = {29, No 4},
	journal = {Econometrica},
	author = {Leontief, W. W.},
	year = {1961},
	pages = {674--675},
}

@inproceedings{leontief_multiregional_1963,
	address = {London, UK},
	title = {Multiregional input-output analysis},
	booktitle = {Structural interdependence and economic development},
	publisher = {St. Martin Press},
	author = {Leontief, Wassily and Strout, A.},
	editor = {Barna, T.},
	year = {1963},
	pages = {243--259},
}

@article{levin_are_1998,
	title = {Are {Assets} {Fungible}? {Testing} the {Behavioral} {Theory} of {Life}-{Cycle} {Savings}},
	volume = {36},
	number = {1},
	journal = {Journal of Economic Behavior and Organization},
	author = {Levin, Laurence},
	year = {1998},
	pages = {59},
}

@article{levine_stock_1991,
	title = {Stock {Markets}, {Growth}, and {Tax} {Policy}},
	volume = {46},
	issn = {00221082},
	url = {http://www.jstor.org/stable/2328866},
	number = {4},
	journal = {The Journal of Finance},
	author = {Levine, Ross},
	month = sep,
	year = {1991},
	note = {Publisher: Blackwell Publishing for the American Finance Association},
	pages = {1445--1465},
}

@inproceedings{levine_finance_2005,
	address = {Amsterdam},
	title = {Finance and growth: {Theory} and evidence},
	booktitle = {Handbook of {Economic} {Growth}},
	publisher = {North-Holland Elsevier},
	author = {Levine, Ross},
	editor = {Aghion, P. and Durlauf, S},
	year = {2005},
}

@book{lewin_complexity_1992,
	address = {Chicago},
	title = {Complexity: life at the edge of chaos},
	publisher = {The University of Chicago Press},
	author = {Lewin, R.},
	year = {1992},
}

@article{lewis_economic_1954,
	title = {Economic {Development} with {Unlimited} {Supplies} of {Labour}},
	volume = {22},
	issn = {1467-9957},
	url = {http://dx.doi.org/10.1111/j.1467-9957.1954.tb00021.x},
	doi = {10.1111/j.1467-9957.1954.tb00021.x},
	number = {2},
	journal = {The Manchester School},
	author = {Lewis, W. Arthur},
	year = {1954},
	note = {Publisher: Blackwell Publishing Ltd},
	pages = {139--191},
}

@inproceedings{lima_financial_2005,
	address = {United Kingdom},
	title = {Financial fragility as emergent dynamic in a complex system: na agent-based computational model},
	publisher = {University of Essex},
	author = {Lima, Gilberto T. and Freita, G.G.},
	year = {2005},
}

@inproceedings{lima_debt_2007,
	title = {Debt {Financing} and {Emergent} {Dynamics} of a {Financial} {Fitness} {Landscape}},
	author = {Lima, Gilberto T. and Freitas, G.G.},
	year = {2007},
}

@book{linneman_econometric_1966,
	address = {Amsterdam},
	title = {An {Econometric} {Study} of {International} {Trade} {Flows}},
	publisher = {North Holland},
	author = {Linneman, H.},
	year = {1966},
}

@article{llerena_alternative_2003,
	title = {Alternative {Theories} on {Economic} {Growth} and the {Co}-evolution of {Macro}-{Dynamics} and {Technological} {Change}: {A} {Survey}},
	journal = {Working Paper},
	author = {Llerena, P. and Lorents, A.},
	year = {2003},
	note = {Publisher: LEM, Pisa},
}

@inproceedings{brian_selection_2001,
	address = {Massachusetts-EUA},
	title = {Selection {Processes} in {Economics}},
	booktitle = {Evolutionary {Economics}: {Program} and {Scope}},
	publisher = {Kluwer Academic publishers},
	author = {Brian, Loasby},
	editor = {Dopfer, Kurt},
	year = {2001},
	pages = {253--276},
}

@book{lopes_desenvolvimento_2001,
	address = {Lisboa, Portugal},
	edition = {5},
	title = {Desenvolvimento {Regional}},
	publisher = {Fundação Calouste Gulbenkian},
	author = {Lopes, A. S.},
	year = {2001},
}

@book{lopes_manual_2008,
	address = {São Paulo},
	title = {Manual de {Macroeconomia} {Básico} e {Intermediário}},
	publisher = {Editora Atlas},
	author = {Lopes, Luiz M. and Vasconcelos, Marco A. S.},
	year = {2008},
}

@article{lorentz_evolutionary_2008,
	title = {Evolutionary {Micro}-dynamics and {Changes} in the {Economic} {Structure}},
	volume = {18},
	journal = {Journal of Evolutionary Economics},
	author = {Lorentz, Andre and Savona, Maria},
	year = {2008},
	pages = {389--412},
}

@article{loughnan_economic_2011,
	title = {Economic {Inequality} {Is} {Linked} to {Biased} {Self}-{Perception}},
	volume = {22},
	number = {10},
	journal = {Psychological Science},
	author = {Loughnan, S. and al, et},
	year = {2011},
	pages = {1254--1258},
}

@book{losch_ramulische_1940,
	address = {Jena},
	title = {Die {Rämulische} {Ordnung} der {Wirtschaft}},
	publisher = {Gustave Fischer},
	author = {Losch, A.},
	year = {1940},
}

@article{lydall_distribution_1959,
	title = {The {Distribution} of {Employment} {Incomes}},
	volume = {27},
	number = {1},
	journal = {Econometrica},
	author = {Lydall, H.F.},
	year = {1959},
	pages = {110--115},
}

@article{lucas_mechanism_1988,
	title = {On the {Mechanism} of {Economic} {Development}},
	volume = {22},
	journal = {Journal of Monetary Economics},
	author = {Lucas, Robert L},
	year = {1988},
	pages = {3--42},
}

@book{maddison_world_2001,
	address = {Paris, France},
	title = {The {World} {Economy}: {A} {Millenial} {Perspective}},
	publisher = {OCDE},
	author = {Maddison, Angus},
	year = {2001},
}

@article{mahalanobis_observations_1953,
	title = {Some {Observations} on the {Process} of {Growth} of {National} {Income}},
	volume = {??},
	journal = {Sankhya},
	author = {Mahalanobis, P. C.},
	year = {1953},
	pages = {307--312},
}

@article{malerba_demand_2007,
	title = {Demand, innovation, and the dynamics of market structure: {The} role of experimental users and diverse preferences.},
	volume = {17},
	journal = {Journal of Evolutionary Economics},
	author = {Malerba, F. and Nelson, R. and Orsenigo, L. and Winter, S.},
	year = {2007},
	pages = {371--399},
}

@book{malthus_first_1798,
	address = {London},
	title = {First {Essay} on {Population}},
	publisher = {Macmillan},
	author = {Malthus, T.},
	year = {1798},
}

@article{mankiw_contribution_1992,
	title = {A {Contribution} to the {Empirical} of {Economic} {Growth}},
	volume = {107},
	journal = {Quarterly journal of Economic},
	author = {Mankiw, N. G. and Romer, P. and Weil, D. N.},
	year = {1992},
	pages = {407--437},
}

@article{markiewicz_effects_1974,
	title = {Effects of {Humor} on {Persuasion}},
	volume = {37},
	number = {3},
	journal = {Sociometry},
	author = {Markiewicz, D.},
	year = {1974},
	pages = {407--422},
}

@inproceedings{marglin_profit_1990,
	address = {Oxford, UK},
	title = {Profit {Squeeze} and {Keynesian} {Theory}},
	booktitle = {The {Golden} {Age} of {Capitalism}},
	publisher = {Oxford University Press},
	author = {Marglin, Stephen and Bhaduri, Amit},
	editor = {Marglin, S. A. and Schor, J. B.},
	year = {1990},
}

@book{marshall_principles_1890,
	address = {London},
	edition = {8},
	title = {The {Principles} of {Economics}},
	publisher = {Macmillan},
	author = {Marshall, Alfred},
	year = {1890},
}

@book{marx_capital_1867,
	address = {Moscow, USSR},
	edition = {First English edition of 1887 (4th German edition changes included as indicated) with some modernisation of spelling},
	title = {Das {Capital}},
	publisher = {Progress publishers},
	author = {Marx, Karl},
	year = {1867},
}

@book{marx_capital_1885,
	address = {Moscow, USSR},
	edition = {First published in German in 1885, authoritative revised edition in 1893; Source: First English edition of 1907, Printed in 1957},
	title = {Das {Capital}},
	publisher = {Progress publishers},
	author = {Marx, Karl},
	year = {1885},
}

@book{marx_capital_1894,
	address = {N. Y.},
	edition = {Institute of Marxism-Leninism, USSR, 1959. On-Line Version: Marx.org 1996, Marxists.org 1999},
	title = {Das {Capital}},
	publisher = {International publishers},
	author = {Marx, Karl},
	year = {1894},
}

@book{mas-colell_microeconomic_1995,
	address = {Oxford-New York},
	title = {Microeconomic {Theory}},
	publisher = {Oxford University Press},
	author = {Mas-Colell, Andreu and Whinston, Michael D.},
	year = {1995},
}

@article{maslow_theory_1943,
	title = {A {Theory} of {Human} {Motivation}},
	volume = {50},
	journal = {Psychological Review},
	author = {Maslow, H. A.},
	year = {1943},
	pages = {370--396},
}

@book{maslow_motivation_1987,
	edition = {3},
	title = {Motivation and {Personality}},
	publisher = {Harper Collins},
	author = {Maslow, H. A.},
	year = {1987},
}

@article{matsuyama_simple_1992,
	title = {A simple {Model} of {Sectorial} {Adjustment}},
	volume = {59},
	number = {2},
	journal = {The Review of Economic Studies},
	author = {Matsuyama, Kiminori},
	year = {1992},
	pages = {375--387},
}

@article{matsuyama_agricultural_1992,
	title = {Agricultural productivity, comparative advantage, and economic growth},
	volume = {58},
	journal = {Journal of Economic Theory},
	author = {Matsuyama, Kiminori},
	year = {1992},
	pages = {317--334},
}

@article{matsuyama_ricardian_2000,
	title = {A {Ricardian} {Model} with a {Continuum} of {Goods} under {Nonhomothetic} {Preferences}: {Demand} {Complementarities}, {Income} {Distribution} and {North}-{South} {Trade}},
	volume = {108},
	journal = {Journal of Political Economy},
	author = {Matsuyama, K.},
	year = {2000},
	pages = {1093--1120},
}

@article{mccall_economics_1970,
	title = {Economics of {Information} and job search},
	volume = {84},
	journal = {Quarterly Journal of Economics},
	author = {McCall, J.},
	year = {1970},
	pages = {113--126},
}

@book{mcelreath_mathematical_2007,
	address = {Chicago-EUA},
	title = {Mathematical {Models} of {Social} {Evolution}: a guide for perplexed},
	publisher = {The University Chicago Press},
	author = {McElreath, Richard and Boyd, Robert},
	year = {2007},
}

@book{mckinnon_money_1973,
	address = {Washington},
	title = {Money and {Capital} in {Economic} {Development}},
	publisher = {Brookings Institute},
	author = {McKinnon, Ronald I.},
	year = {1973},
}

@book{meadows_limits_1972,
	address = {New York},
	title = {Limits to {Growth}},
	publisher = {Universe Books},
	author = {Meadows, Donella and Randers, Jorgen and Meadows, Dennis},
	year = {1972},
}

@book{meadows_limits_2004,
	address = {Vermont: USA},
	title = {Limits to {Growth}: {The} 30-year {Update}},
	publisher = {Chelsea Green Publishing Company},
	author = {Meadows, Donella and Randers, Jorgen and Meadows, Dennis},
	year = {2004},
}

@article{merton_functional_1995,
	title = {A functional perspective of financial intermediation},
	volume = {24},
	journal = {Financial Management},
	author = {Merton, R.C.},
	year = {1995},
	pages = {23--41},
}

@inproceedings{merton_conceptual_1995,
	address = {Boston, Massachussets},
	title = {A conceptual framework for analyzing the financial environment},
	booktitle = {The {Global} {Financial} {System}: {A} {Functional} {Perspective}},
	publisher = {Harvard Business School Press},
	author = {Merton, R.C. and Bodie, Z.},
	editor = {Crane, D.B., et al.},
	year = {1995},
	pages = {3--31},
}

@article{metcalfe_consumption_2001,
	title = {Consumption, preferences, and the evolutionary agenda},
	volume = {11},
	journal = {Evolutionary Economics},
	author = {Metcalfe, J. Stanley},
	year = {2001},
	pages = {37--58},
}

@book{minati_processes_2008,
	address = {Singapore},
	title = {Processes of {Emergence} of {Systems} and {Systemic} {Properties}: {Towards} a {General} {Theory} of {Emergence}},
	publisher = {World Scientific Publishing Company},
	author = {Minati, Jacob and Abram, Mario and Pessa, Eliano},
	year = {2008},
}

@book{mincer_schooling_1974,
	address = {New York},
	title = {Schooling, {Experience}, and {Earnings}},
	publisher = {Columbia University Press},
	author = {Mincer, Jacob},
	year = {1974},
}

@book{minsky_can_1982,
	address = {New York},
	title = {Can it happen again? {Essays} on instability and finance},
	publisher = {M. E. Sharpe},
	author = {Minsky, H.},
	year = {1982},
}

@article{milgram_small_1967,
	title = {The {Small} {World} {Problem}},
	volume = {1},
	number = {1},
	journal = {Psychology Today},
	author = {Milgram, S.},
	year = {1967},
	pages = {61--67},
}

@book{mill_principles_1848,
	address = {Toronto-CA and London-UK},
	title = {The {Principles} of {Political} {Economy} with {Some} of {Their} {Applications} to {Social} {Philosophy}},
	publisher = {University of Toronto Press and Routledge and Kegan Paul},
	author = {Mill, John Stuart},
	year = {1848},
}

@book{mill_utilitarianism_1861,
	address = {Toronto-CA and London-UK},
	title = {Utilitarianism},
	publisher = {University of Toronto Press and Routledge and Kegan Paul},
	author = {Mill, John Stuart},
	year = {1861},
}

@book{miller_complex_2007,
	address = {New Jersey-EUA},
	title = {Complex {Adaptative} {System}: {An} introduction to computational models of social life},
	publisher = {Princeton University Press},
	author = {Miller, John H. and Page, Scott E.},
	year = {2007},
}

@book{mitchell_complexity_2009,
	address = {Oxford, USA},
	title = {Complexity: a {Guide} {Tour}},
	publisher = {Oxford University Press},
	author = {Mitchell, Melanie},
	year = {2009},
}

@book{modenesi_regimes_2005,
	address = {Barueri, São Paulo, Brasil},
	title = {Regimes {Monetários}: {Teoria} e a {Experiência} do {Real}},
	publisher = {Manole},
	author = {Modenesi, André de M.},
	year = {2005},
}

@incollection{modigliani_utility_1954,
	title = {Utility {Analysis} and the {Consumption} {Function}: {An} {Interpretation} of {Cross}-{Section} {Data}},
	booktitle = {Post-{Keynesian} {Economics}},
	publisher = {New Brunswick: Rutgers University Press},
	author = {Modigliani, Franco and Brumberg, R},
	editor = {Kurihara, K.},
	year = {1954},
}

@article{modigliani_life_1963,
	title = {The '{Life} {Cycle}' {Hypothesis} of {Saving}: {Aggregate} {Implications} and {Tests}},
	volume = {53},
	number = {1},
	journal = {American Economic Review},
	author = {Modigliani, Franco},
	year = {1963},
	pages = {55--84},
}

@article{montobio_evolutionary_2002,
	title = {An {Evolutionary} {Model} of {Industrial} {Growth} and {Structural} {Change}},
	volume = {13},
	journal = {Structural Change and Economic Dynamic},
	author = {Montobio, Fabio},
	year = {2002},
	pages = {287--314},
}

@article{morales_financial_2003,
	title = {Financial {Intermediation} in a {Model} of {Growht} {Through} {Creative} {Destruction}},
	volume = {7},
	url = {http://dx.doi.org/10.1017/S1365100502020138},
	number = {03},
	journal = {Macroeconomic Dynamics},
	author = {Morales, María F.},
	year = {2003},
	note = {\_eprint: http://journals.cambridge.org/article\_S1365100502020138},
	pages = {363--393},
}

@book{moore_horizontalists_1988,
	address = {Cambridge},
	title = {Horizontalists and {Verticalists}: {The} {Macroeconomics} of {Credit} {Money}},
	publisher = {Cambridge University Press},
	author = {Moore, Basil},
	year = {1988},
}

@article{moore_dealing_2005,
	title = {Dealing with {Darwing}},
	author = {Moore, G.},
	year = {2005},
	note = {Place: New York
Publisher: Portfolio},
	pages = {352--363},
}

@article{morgenstern_demand_1948,
	title = {Demand {Theory} {Reconsidered}},
	volume = {62},
	number = {2},
	journal = {The Quarterly Journal of Economics},
	author = {Morgenstern, Oskar},
	year = {1948},
	pages = {165--201},
}

@article{morishima_economic_1960,
	title = {Economic {Expansion} and the {Interest} {Rate} in {Generalised} {Von} {Neumann} {Models}},
	volume = {28},
	number = {2},
	journal = {Econometrica},
	author = {Morishima, M.},
	year = {1960},
	pages = {352--363},
}

@article{mortensen_job_1970,
	title = {Job search, the duration of unemployment, and the {Phillips} {Curve}},
	volume = {68},
	journal = {American Economic Review},
	author = {Mortensen, D.},
	year = {1970},
	pages = {505--517},
}

@article{moses_stability_1955,
	title = {The stability of interregional trading patterns and input-output analysis},
	volume = {45},
	journal = {American Economic Review},
	author = {Moses, L.},
	year = {1955},
	pages = {803--832},
}

@article{moss_inequality_2013,
	title = {Inequality and {Decision} {Making}: {Imagining} a {New} {Line} of {Inquiry}},
	number = {13-099},
	journal = {Harvard Business School Working Paper},
	author = {Moss, D. and Thaker, A. and Rudnick, H.},
	year = {2013},
}

@article{nakabashi_os_2007,
	title = {Os efeitos do câmbio e juros na balança comercial paranaense},
	journal = {Encontro de Economia Paranaense},
	author = {Nakabashi, Luciano and Cruz, Marcio José Vargas da},
	year = {2007},
}

@article{nassif_ha_2006,
	title = {Há {Evidências} de {Desindustrialização} no {Brasil}?},
	number = {108},
	journal = {BNDES, Textos para Discussão},
	author = {Nassif, André},
	year = {2006},
	note = {Place: Rio de Janeiro},
}

@article{nelson_investment_1966,
	title = {Investment in {Humans}, {Technological} {Diffusion}, and {Economic} {Growth}},
	volume = {56},
	journal = {American Economic Review},
	author = {Nelson, Richard R. and Phelps, Edmund S.},
	year = {1966},
	pages = {69--75},
}

@book{mcmeekin_innovation_2002,
	address = {Manchester, UK},
	title = {Innovation by {Demand}},
	publisher = {Manchester University Press},
	author = {McMeekin, A. and Green, K. and Walsh, V.},
	year = {2002},
}

@book{myles_public_1995,
	address = {Cambridge-USA},
	title = {Public {Economics}},
	publisher = {Cambridge University Press},
	author = {Myles, G. G.},
	year = {1995},
}

@book{myrdal_economic_1956,
	title = {Economic theory and underdeveloped regions},
	publisher = {Gerald Duckworth},
	author = {Myrdal, Gunnar},
	year = {1956},
}

@book{nelson_evolutionary_1982,
	address = {EUA},
	title = {An evolutionary theory of economic change},
	publisher = {Harvard University Press},
	author = {Nelson, Richard R. and Winter, Sidney},
	year = {1982},
}

@book{nelson_source_2000,
	address = {EUA},
	title = {The {Source} of the {Economic} {Growth}},
	publisher = {Harvard University Press},
	author = {Nelson, Richard},
	year = {2000},
}

@article{nelson_evolutionary_2002,
	title = {Evolutionary {Theorizing} in {Economics}},
	volume = {16},
	number = {2},
	journal = {Journal of Economic Perspective},
	author = {Nelson, Richard and Winter, Sidney G.},
	year = {2002},
}

@article{von_neumann_model_1945,
	title = {A {Model} of {General} {Equilibrium}},
	volume = {13},
	number = {1},
	journal = {Review of Economic Studies},
	author = {von Neumann, J.},
	year = {1945},
	pages = {1--9},
}

@book{nicolis_exploring_1989,
	title = {Exploring complexity: an introduction},
	publisher = {W. H. Freeman \& Company},
	author = {Nicolis, G. and Prigogine, I.},
	year = {1989},
}

@book{nijkamp_handbook_1986,
	address = {Amsterdan},
	title = {Handbook of {Regional} and {Urban} {Economics}},
	publisher = {North Holland},
	author = {Nijkamp, Peter},
	year = {1986},
}

@incollection{nijkamp_advances_1986,
	address = {Amsterdan},
	title = {Advances in {Regional} {Economics}},
	booktitle = {Handbook of {Regional} and {Urban} {Economics}},
	publisher = {North Holland},
	author = {Nijkamp, Peter and Mills, E. S.},
	editor = {Nijkamp, Peter},
	year = {1986},
}

@article{nunes_balanccomercial_1994,
	title = {Balança comercial e taxa de câmbio real: uma análise de co-integração},
	volume = {14},
	number = {1},
	journal = {Revista de Economia Política},
	author = {Nunes, João Marcus Marinho},
	year = {1994},
	pages = {535--547},
}

@book{ohlin_interregional_1933,
	address = {Cambridge, Mass},
	title = {Interregional and international trade},
	publisher = {Harvard University Press},
	author = {Ohlin, B.},
	year = {1933},
}

@incollection{ormerod_methodology_2004,
	title = {On the methodology of assessing agent-based evolutionary models in the social sciences},
	booktitle = {Evolution and {Economic} {Complexity}},
	publisher = {Edward Elgar},
	author = {Ormerod, Paul},
	editor = {Metcalfe, J. Stanley and Foster, John},
	year = {2004},
}

@book{palander_beitrage_1935,
	address = {Uppsala},
	title = {Beiträge zur {Standortstheorie}},
	publisher = {Almqvist \& Wiksells Boktryckeri},
	author = {Palander, T.},
	year = {1935},
}

@book{pareto_manuel_1906,
	address = {Genebra},
	edition = {5},
	title = {Manuel d'{Economie} {Politique}},
	publisher = {Librarie Droz},
	author = {Pareto, Vilfredo},
	year = {1906},
}

@inproceedings{palma_quatro_2005,
	address = {Federação das Indústrias do Estado de São Paulo},
	title = {Quatro fontes de {Desindustrialização} e um novo conceito {Doenç} {Holandesa}},
	publisher = {Conferência de Industrialização, Desindustrialização e Desenvolvimento},
	author = {Palma, Gabriel},
	year = {2005},
}

@article{park_familiarity_1981,
	title = {Familiarity and {Its} {Impact} on {Consumer} {Decision} {Biases} and {Heuristics}},
	volume = {8},
	number = {2},
	journal = {Journal of Consumer Research},
	author = {Park, C. and Lessig, V.},
	year = {1981},
	pages = {223--231},
}

@article{pasinetti_rate_1962,
	title = {Rate of {Profit} and {Income} {Distribution} in {Relation} to the {Rate} of {Economic} {Growth}},
	volume = {29},
	number = {4},
	journal = {The Review os Economic Studies},
	author = {Pasinetti, Luigi L.},
	year = {1962},
	pages = {267--279},
}

@book{pasinetti_new_1965,
	address = {Citty del Vaticano},
	title = {A {New} {Theoretical} {Approach} to the {Problems} of {Economic} {Growth}},
	publisher = {Pontificia Academia Scientiarum},
	author = {Pasinetti, Luigi L.},
	year = {1965},
}

@book{pasinetti_growth_1974,
	address = {London-UK},
	title = {Growth and {Income} {Distribution}: {Essays} in {Economic} in {Economic} {Theory}},
	publisher = {Cambridge University Press},
	author = {Pasinetti, Luigi L.},
	year = {1974},
}

@book{pasinetti_structural_1981,
	address = {Cambridge},
	title = {Structural change and economic growth},
	publisher = {Cambridge University Press},
	author = {Pasinetti, Luigi L.},
	year = {1981},
}

@book{pasinetti_structural_1993,
	address = {Cambridge},
	title = {Structural economic dinamic: {A} theory of the economic consequences of human learning},
	publisher = {Cambridge University Press},
	author = {Pasinetti, Luigi L.},
	year = {1993},
}

@book{pereima_crescimento_2011,
	address = {Curitiba, PR, Brasil},
	title = {Crescimento, distribuição e bem estar numa perspectiva evolucionária},
	publisher = {Universidade Federal do Paraná-UFPR},
	author = {Pereima, João Basilio},
	year = {2011},
}

@article{perroux_note_1955,
	title = {Note sur la notion de pôle de croissance},
	volume = {7},
	number = {1-2},
	journal = {Economie Appliquée},
	author = {Perroux, François},
	year = {1955},
}

@book{perroux_leconomie_1956,
	address = {Paris},
	title = {L'économie du {XXème} sièle},
	publisher = {PUF},
	author = {Perroux, François},
	year = {1956},
}

@inproceedings{perroux_o_1977,
	address = {Belo Horizonte-MG},
	title = {O {Conceito} de {Polo} de {Crescimento}},
	booktitle = {Economia {Regional}},
	publisher = {Cedeplar - UFMG, Textos Escolhidos},
	author = {Perroux, François},
	editor = {Schwartzman, Jaques},
	year = {1977},
}

@article{phillips_relation_1958,
	title = {The {Relation} between {Unemployment} and the {Rate} of {Change} of {Money} {Wage} {Rates} in the {United} {Kingdom}, 1861-1957},
	volume = {25},
	number = {100},
	journal = {Economica},
	author = {Phillips, Arthur},
	year = {1958},
	pages = {283--299},
}

@book{pigou_economics_1920,
	address = {London},
	title = {The {Economics} of {Welfare}},
	publisher = {Macmillan},
	author = {Pigou, A. C.},
	year = {1920},
}

@book{picket_spirit_2009,
	address = {New York, USA},
	title = {The {Spirit} {Level}: {Why} {Greater} {Equality} {Makes} {Societies} {Stronger}},
	publisher = {Bloomsbury Press},
	author = {Picket, K and Wilkinson, R},
	year = {2009},
}

@article{pickering_behavior_1981,
	title = {A {Behavior} {Model} of the {Demand} for {Consumer} {Durables}},
	volume = {1},
	journal = {Journal of Economic Psychology},
	author = {Pickering, J. F.},
	year = {1981},
	pages = {59--77},
}

@article{pigou_memorials_1903,
	title = {Memorials of {Alfred} {Marshall}},
	journal = {Economic Journal},
	author = {Pigou, A.},
	year = {1903},
	pages = {433--450},
}

@article{pissarides_job_1979,
	title = {Job matching with state employment agencies and random search},
	volume = {89},
	journal = {Economic Journal},
	author = {Pissarides, C.},
	year = {1979},
	pages = {818--833},
}

@article{piketty_income_2013,
	title = {Income {Inequality} in the {United} {States}},
	volume = {CXVIII},
	journal = {Quarterly Journal of Economics},
	author = {Piketty, T. Saez, E.},
	year = {2013},
}

@article{piketty_evolution_2006,
	title = {The {Evolution} of {Top} {Incomes}: {A} {Historical} and {International} {Perspective}},
	volume = {96},
	number = {2},
	journal = {American Economic Review},
	author = {Piketty, T.},
	year = {2006},
	pages = {200--205},
}

@book{piketty_capital_2014,
	address = {London, England},
	title = {Capital in the {Twenty}-{First} {Century}},
	publisher = {The Belknap Press of Harvard University Press},
	author = {Piketty, T.},
	year = {2014},
}

@article{porter_clusters_1999,
	title = {Clusters e {Competitividade}},
	volume = {July},
	journal = {Revista Management},
	author = {Porter, Michael},
	year = {1999},
}

@article{poyhonen_tentative_1963,
	title = {A tentative model for the volume of trade between countries},
	volume = {90},
	journal = {Weltwirtschaftliches Archiv},
	author = {Pöyhönen, P.},
	year = {1963},
	pages = {93--100},
}

@article{prebisch_economic_1950,
	title = {The {Economic} {Development} of {Latin} {America} and {Its} {Orincipal} {Problems}},
	volume = {7},
	journal = {Economic Bulletin for Latin America},
	author = {Prebisch, Raul},
	year = {1950},
}

@article{prescott_firms_2003,
	title = {Firms, {Assignments}, and {Earnings}},
	volume = {89},
	number = {4},
	journal = {Federal Reserve Bank of Richmond Economic Quarterly},
	author = {Prescott, E. S.},
	year = {2003},
	pages = {69--81},
}

@article{rizvi_sonnenschein-mantel-debreu_2006,
	title = {The {Sonnenschein}-{Mantel}-{Debreu} {Results} after {Thirty} {Years}},
	number = {38},
	journal = {History of Political Economy},
	author = {Rizvi, S. A. T.},
	year = {2006},
}

@book{prigogine_order_1984,
	address = {New York},
	title = {Order out of chaos: man's new dialogue with nature},
	publisher = {Bantam Books},
	author = {Prigogine, I. and Stengers, I.},
	year = {1984},
}

@article{putler_incorporating_1992,
	title = {Incorporating {Reference} {Price} {Effects} into a {Theory} of {Consumer} {Choice}},
	volume = {3},
	number = {11},
	journal = {Marketing Science},
	author = {Putler, D. S.},
	year = {1992},
	pages = {287--310},
}

@article{ramsey_mathematical_1928,
	title = {A {Mathematical} {Theory} of {Saving}},
	volume = {38},
	number = {152},
	journal = {Economic Journal},
	author = {Ramsey, Frank P.},
	year = {1928},
	pages = {543--559},
}

@book{rawls_theory_1971,
	address = {Cambridge, Massachusetts},
	title = {A {Theory} of {Justice}},
	publisher = {Harvard University Press},
	author = {Rawls, John},
	year = {1971},
}

@book{ray_development_1998,
	address = {Princeton, New Jersey, EUA},
	title = {Development {Economics}},
	publisher = {Princeton University Press},
	author = {Ray, Debraj},
	year = {1998},
}

@article{rebelo_long-run_1991,
	title = {Long-{Run} {Policy} {Analysis} and {Long}-{Run} {Growth}},
	volume = {99},
	journal = {Journal of Political Economy},
	author = {Rebelo, Sergio},
	year = {1991},
	pages = {500--521},
}

@inproceedings{reinganum_timing_1989,
	address = {New York, EUA},
	title = {The timing of {Innovations}: {Research}, {Development}, and {Diffusions}},
	booktitle = {Handbook of {Industrial} {Organization}},
	publisher = {North Holland},
	author = {Reinganum, Jennifer F.},
	editor = {Schmalense, Richard and Willig, Robert D.},
	year = {1989},
}

@book{reis_um_2012,
	title = {Um {Panorama} do {Mercado} de {Trabalho} {Brasileiro} no {Período} 1996-2009},
	publisher = {IPEA-Instituto de Pesquisa Econômica Aplicada},
	author = {Reis, Maurício},
	year = {2012},
}

@book{ricardo_principles_1817,
	address = {São Paulo},
	title = {On the {Principles} of {Political} {Economy} and {Taxation}},
	publisher = {Abril Cultural},
	author = {Ricardo, David},
	year = {1817},
}

@book{robinson_generalization_1952,
	address = {London},
	title = {The generalization of the general theory, in: {The} rate of interest and other essays`},
	publisher = {Macmillan},
	author = {Robinson, Joan},
	year = {1952},
}

@book{robinson_accumulation_1956,
	address = {London},
	title = {The {Accumulation} of {Capital}},
	publisher = {Macmillan},
	author = {Robinson, Joan},
	year = {1956},
}

@book{robinson_essays_1962,
	address = {London},
	title = {Essays in the {Theory} of {Economic} {Growth}},
	publisher = {Macmillan},
	author = {Robinson, Joan},
	year = {1962},
}

@book{rodrik_handbook_2009,
	address = {Amsterdan, The Netherlands},
	title = {Handbook of {Development} {Economics}},
	publisher = {North Holland},
	author = {Rodrik, Dani and Rosenzweig, M.R.},
	year = {2009},
}

@book{rogers_diffusion_1995,
	address = {New York},
	edition = {4},
	title = {Diffusion of {Innovations}},
	publisher = {The Free Press},
	author = {Rogers, E. M.},
	year = {1995},
}

@article{romer_increasing_1986,
	title = {Increasing {Return} and the {Long} {Run} {Growth}},
	volume = {94},
	journal = {Journal of Political Economy},
	author = {Romer, Paul M.},
	year = {1986},
	pages = {1002--1037},
}

@article{romer_growth_1987,
	title = {Growth {Based} on {Increasing} {Returns} {Due} the {Specialization}},
	volume = {77},
	journal = {American Economic Review},
	author = {Romer, Paul M.},
	year = {1987},
	pages = {56--62},
}

@article{romer_endogenous_1990,
	title = {Endogenous {Technologial} {Change}},
	volume = {98, part II},
	journal = {Journal of Political Economy},
	author = {Romer, Paul M.},
	year = {1990},
	pages = {S71--S102},
}

@book{romer_advanced_2011,
	address = {New York, EUA},
	edition = {4},
	title = {Advanced {Macroeconmics}},
	publisher = {McGraw-Hill Irwin},
	author = {Romer, Paul M.},
	year = {2011},
}

@article{rosen_economics_1981,
	title = {The {Economics} of {Superstars}},
	volume = {71},
	number = {5},
	journal = {American Economic Review},
	author = {Rosen, S.},
	year = {1981},
	pages = {845--858},
}

@article{rosen_authority_1982,
	title = {authority, {Control}, and the {Distribution} of {Earnings}},
	volume = {13},
	number = {2},
	journal = {Bell Journal of Economics},
	author = {Rosen, S.},
	year = {1982},
	pages = {311--323},
}

@book{rosenberg_inside_1983,
	address = {Cambridge, Massachusetts},
	title = {Inside the {Black} {Box}: {Technology} and {Economics}},
	publisher = {Cambridge University Press},
	author = {Rosenberg, Nathan},
	year = {1983},
}

@article{rosenkopf_institutional_1993,
	title = {Institutional and {Competitive} {Bandwagons}},
	volume = {18},
	journal = {Academy of Management Review},
	author = {Rosenkopf, L. and Abrahamson, E.},
	year = {1993},
}

@article{rosenkopf_social_1997,
	title = {Social {Network} {Effects} on the {Extent} of {Innovation} {Diffusion}: {A} {Computer} {Simulation}},
	volume = {8},
	number = {3},
	journal = {Organization Science},
	author = {Rosenkopf, L. and Abrahamson, E.},
	year = {1997},
}

@article{rosenkopf_modeling_1999,
	title = {Modeling {Reputational} and {Informational} {Influences} in {Threshold} {Models} of {Bandwagon} {Innovation} {Diffusion}},
	volume = {5},
	number = {5},
	journal = {Computational \& Mathematical Organization Theory},
	author = {Rosenkopf, L. and Abrahamson, E.},
	year = {1999},
	pages = {361--384},
}

@book{rosenkrantz_simultaneous_2005,
	address = {Wissenschaftszentrum, Berlin},
	title = {Simultaneous choice of process and product innovation},
	publisher = {Mimeo},
	author = {Rosenkrantz, S.},
	year = {2005},
}

@article{rosser_complexities_1999,
	title = {On the {Complexities} of {Complex} {Economic} {Dynamics}},
	volume = {13},
	doi = {10.1257/jep.13.4.169},
	number = {4},
	journal = {Journal of Economic Perspectives},
	author = {Rosser, J. B. Jr.},
	year = {1999},
	pages = {169--192},
}

@book{rostow_stages_1960,
	address = {London},
	title = {The {Stages} of {Economic} {Growth}: {A} {Non}-{Communist} {Manifesto}},
	publisher = {Cambridge University Press},
	author = {Rostow, W.W.},
	year = {1960},
}

@article{rothschild_adam_1994,
	title = {Adam {Smith} and the {Invisible} {Hand}},
	volume = {84},
	url = {http://www.jstor.org/stable/2117851},
	number = {2},
	journal = {The American Economic Review},
	author = {Rothschild, Emma},
	year = {1994},
	pages = {319--322},
}

@article{rowthorn_demand_1981,
	title = {Demand, {Real} {Wages} and {Growth}},
	journal = {Thames Papers in Political Economy},
	author = {Rowthorn, R},
	year = {1981},
	pages = {1--39},
}

@article{roy_demande_1933,
	title = {La demande dans ses rapports avec la repartition des revenus},
	volume = {1},
	number = {3},
	journal = {Econometrics},
	author = {Roy, Rene},
	year = {1933},
	pages = {265--273},
}

@article{roy_hierarchie_1943,
	title = {La {Hierarchie} des {Besoins} et la {Notion} de {Groupes} dans l'{Economie} de {Choix}},
	volume = {11},
	number = {1},
	journal = {Econometrics},
	author = {Roy, Rene},
	year = {1943},
	pages = {13--24},
}

@inproceedings{russo_technological_2005,
	address = {United Kingdom},
	title = {Technological innovation, financial fragility and complex dynamics},
	booktitle = {Paper presented at the 10th {Wehia}-{Workshop} of {Economic} {Heterogeneous} {Interacting} {Agents} - {June} 13-15, 2005},
	publisher = {University of Essex},
	author = {Russo, A. and Delli Gatti, D. and Gallegati, M.},
	year = {2005},
}

@book{saad_evolutionary_2007,
	address = {New Jersey - EUA},
	title = {The {Evolutionary} {Bases} of {Consumption}},
	publisher = {Lawrence Erlbaum Associates, Inc},
	author = {Saad, Gad},
	year = {2007},
}

@article{sachida_curva_2009,
	title = {A curva de {Phillips} e a experiência brasileira},
	journal = {Texto para Discussão IPEA},
	author = {Sachida, Adolfo and Ribeiro, Marcio and Sandos, Claudio Hamilton dos},
	year = {2009},
}

@article{sachida_inflacao_2013,
	title = {Inflação, {Desemprego} e {Choques} {Cambiais}: {Uma} {Revisão} da {Literatura} sobre a {Curva} de {Phillips} no {Brasil}},
	volume = {67},
	number = {4},
	journal = {Revista Brasileira de Economia},
	author = {Sachida, Adolfo},
	year = {2013},
	pages = {521--531},
}

@book{sachs_economia_2008,
	address = {Barcelona-Espana},
	title = {Economia para un planeta abarrotado},
	publisher = {Random House Mondadori SA},
	author = {Sachs, Jeffrey D.},
	year = {2008},
}

@article{sachs_natural_1995,
	title = {Natural resource abundance and economic growth},
	number = {5398},
	journal = {NBER Working Paper},
	author = {Sachs, Jeffrey D. and Warner, Andrew M.},
	year = {1995},
}

@inproceedings{sachs_natural_1997,
	address = {Cambridge - MA},
	title = {Natural resource abundance and economic growth},
	publisher = {Center for International Development and Harvard Institute for International Development},
	author = {Sachs, Jeffrey D. and Warner, Andrew. M.},
	year = {1997},
}

@article{sachs_curse_2001,
	title = {The curse of natural resources},
	volume = {45},
	journal = {European Economic Review},
	author = {Sachs, Jeffrey D. and Warner, Andrew M.},
	year = {2001},
	pages = {827--838},
}

@article{sahota_theories_1978,
	title = {Theories of {Personal} {Income} {Distribution}: {A} {Survey}},
	volume = {16},
	number = {1},
	journal = {Journal of Economic Literature},
	author = {Sahota, Gian Singh},
	year = {1978},
	pages = {1--55},
}

@article{sahota_theories_1978-1,
	title = {Theories of {Personal} {Income} {Distribution}: {A} {Survey}},
	volume = {16},
	number = {1},
	journal = {Journal of Economic Literature},
	author = {Sahota, Gian Singh},
	year = {1978},
	pages = {1--55},
}

@article{saint-paul_technological_1992,
	title = {Technological choice, financial markets and economic development},
	volume = {36},
	issn = {0014-2921},
	url = {http://www.sciencedirect.com/science/article/pii/0014292192900563},
	doi = {10.1016/0014-2921(92)90056-3},
	number = {4},
	journal = {European Economic Review},
	author = {Saint-Paul, Gilles},
	year = {1992},
	pages = {763--781},
}

@book{salter_productivity_1960,
	address = {Cambridge},
	title = {Productivity and technical change},
	publisher = {Cambridge University Press},
	author = {Salter, W. E. G.},
	year = {1960},
}

@book{sargent_bounded_1994,
	address = {Gloucestershire, UK},
	title = {Bounded {Rationality} in {Macroeconomics}},
	publisher = {Clarendon Press},
	author = {Sargent, T. J.},
	year = {1994},
}

@book{sartorius_evolutionary_2003,
	address = {London - UK},
	title = {An {Evolutionary} {Approach} to {Social} {Welfare}},
	publisher = {Routledge},
	author = {Sartorius, Christian},
	year = {2003},
}

@article{saunders_determinants_2000,
	title = {The determinants of interest rate margins: an international study},
	volume = {19},
	journal = {Journal of International Money},
	author = {Saunders, A and Schumacher, L.},
	year = {2000},
}

@article{saviotti_information_1988,
	title = {Information, variety and entropy in technoeconomic development},
	volume = {17},
	journal = {Research Policy},
	author = {Saviotti, Pier Paolo},
	year = {1988},
	pages = {89--103},
}

@inproceedings{saviotti_role_1991,
	address = {a},
	title = {The role of {Variety} in economic and technological development},
	booktitle = {Evolutionary theories of economic and technological change: present state and future prospects},
	publisher = {Harwood publishers Reading},
	author = {Saviotti, Pier Paolo},
	editor = {Saviotti, P. P. and Metcalfe, J. S.},
	year = {1991},
	pages = {172--208},
}

@inproceedings{saviotti_variety_1994,
	address = {Ann Arbor},
	title = {Variety, economic and technological development},
	booktitle = {Technology, industries and institutions: studies in {Schumpeterian} perspectives},
	publisher = {The University of Michigan Press},
	author = {Saviotti, Pier Paolo},
	editor = {Shionoya, Y. and Perlman, M.},
	year = {1994},
}

@book{saviotti_technological_1996,
	address = {Aldershot},
	title = {Technological evolution, variety and the economy},
	publisher = {Edward Elgar},
	author = {Saviotti, Pier Paolo},
	year = {1996},
}

@inproceedings{saviotti_technological_1998,
	address = {Paris},
	title = {Technological evolution and firm behaviour},
	booktitle = {Advances in self-organization and evolutionary economics},
	publisher = {Economica},
	author = {Saviotti, Pier Paolo},
	editor = {Lesourne, J. and Orlean, A.},
	year = {1998},
}

@article{saviotti_variety_2001,
	title = {Variety, growth and demand},
	volume = {11},
	journal = {journal of Evolutionary Economics},
	author = {Saviotti, Pier Paolo},
	year = {2001},
	pages = {119--142},
}

@article{saviotti_economic_2004,
	title = {Economic development by the creation of new sectors},
	volume = {14},
	journal = {journal of Evolutionary Economics},
	author = {Saviotti, Pier Paolo and Pyka, Andreas},
	year = {2004},
	pages = {1--35},
}

@article{saviotti_product_2008,
	title = {Product variety, competition and economics growth},
	volume = {18},
	journal = {journal of Evolutionary Economics},
	author = {Saviotti, Pier Paolo and Pyka, Andreas},
	year = {2008},
	pages = {323--347},
}

@article{saviotti_co-evolution_2012,
	title = {On the {Co}-evolution of {Innovation} and {Demand}: {Some} {Policy} {Implications}},
	volume = {124},
	number = {5},
	journal = {Revue de l'OFCE},
	author = {Saviotti, P. P. and Pyka, A.},
	year = {2012},
	pages = {347--388},
}

@article{saviotti_competition_1995,
	title = {Competition, variety and technological evolution: a replicator dynamics model},
	volume = {5},
	journal = {journal of Evolutionary Economics},
	author = {Saviotti, Pier Paolo and Mani, GS},
	year = {1995},
	pages = {369--392},
}

@book{sawer_social_2005,
	address = {New York},
	title = {Social {Emergence}: {Societies} {As} {Complex} {Systems}},
	publisher = {Cambridge University Press},
	author = {Sawer, Keith},
	year = {2005},
}

@book{say_treatise_2001,
	address = {Kitchener},
	title = {A treatise on {Political} {Economy}},
	publisher = {Batoche Books},
	author = {Say, J. B.},
	year = {2001},
}

@book{schelling_micromotives_1978,
	address = {New York},
	title = {Micromotives and {Macrobehavior}},
	publisher = {W. W. Norton and Co, Inc},
	author = {Schelling, Thomas C.},
	year = {1978},
}

@book{schmookler_invention_1966,
	address = {Cambridge},
	title = {Invention and {Economic} {Growth}},
	publisher = {Harvard University PRess},
	author = {Schmookler, J.},
	year = {1966},
}

@article{schultz_investiment_1961,
	title = {Investiment in human capital},
	volume = {51},
	number = {1},
	journal = {The American Economic Review},
	author = {Schultz, T. W.},
	year = {1961},
	pages = {1--17},
}

@book{schultz_handbook_2005,
	address = {Amsterdan, The Netherlands},
	title = {Handbook of {Development} {Economics}},
	publisher = {North Holland},
	author = {Schultz, T. Paul and Strauss, John},
	year = {2005},
}

@book{schumpeter_theory_1934,
	address = {Cambridge, Massachusetts},
	title = {A {Theory} of {Economic} {Development}},
	publisher = {Harvard University Press},
	author = {Schumpeter, Joseph A.},
	year = {1934},
}

@book{schumpeter_capitalism_1942,
	address = {New York},
	title = {Capitalism, {Socialism} and {Democracy}},
	publisher = {Harper and Brothers},
	author = {Schumpeter, Joseph A.},
	year = {1942},
}

@article{schwartzmann_estimativa_2006,
	title = {Estimativa da {Curva} de {Phillips} para o {Brasil} com {Pre}{\textbackslash}cços {Desagregados}},
	volume = {10},
	number = {1},
	journal = {Economia Aplicada},
	author = {Schwartzmann, Felipe Farah},
	year = {2006},
	pages = {137--155},
}

@book{sen_growth_1970,
	address = {Harmondsworth, Inglaterra},
	title = {Growth {Economics}},
	publisher = {Penguin Books Ltd},
	author = {Sen, Amartya},
	year = {1970},
}

@book{sen_utilitarism_1982,
	address = {Cambridge, UK},
	title = {Utilitarism and {Beyond}},
	publisher = {Cambridge University Press},
	author = {Sen, Amartya and Williams, Bernard},
	year = {1982},
}

@book{sen_development_1999,
	address = {Oxford},
	title = {Development as {Freedom}},
	publisher = {Oxford University Press},
	author = {Sen, Amartya},
	year = {1999},
}

@article{sent_sargent_1997,
	title = {Sargent versus {Simon}: {Bounded} rationality unbound},
	volume = {21},
	number = {3},
	journal = {Cambridge Journal of Economics},
	author = {Sent, E.},
	year = {1997},
	pages = {323},
}

@book{shaw_financial_1973,
	address = {New York},
	title = {Financial {Deepening} in {Economic} {Development}},
	publisher = {Oxford University Press},
	author = {Shaw, Edward S.},
	year = {1973},
}

@article{simon_behavioral_1955,
	title = {A {Behavioral} {Model} of {Rational} {Choice}},
	volume = {69},
	number = {1},
	journal = {The Quarterly Journal of Economics},
	author = {Simon, H. A.},
	year = {1955},
	pages = {99--118},
}

@article{simon_compensation_1957,
	title = {The {Compensation} of {Executives}},
	volume = {20, No. 1},
	journal = {Sociometry},
	author = {Simon, Herbert A.},
	year = {1957},
	pages = {32--35},
}

@book{simon_substantive_1976,
	address = {Cambridge, Mass.},
	title = {From substantive to procedural rationality},
	publisher = {in Latsis S.J. (ed.) Method and appriasal economics, Cambridge University Press},
	author = {Simon, Herbert A.},
	year = {1976},
}

@article{singer_comments_1950,
	title = {Comments to the terms of trade and economic development},
	volume = {40},
	journal = {Review of Economics and Statistics},
	author = {Singer, Hans},
	year = {1950},
}

@book{smith_inquiry_1776,
	address = {New York},
	title = {An {Inquiry} into the {Nature} and {Causes} of the {Wealth} of {Nations}},
	publisher = {Modern Library},
	author = {Smith, Adam},
	year = {1776},
}

@book{smith_inquiry_1776-1,
	address = {New York xx},
	title = {An {Inquiry} into the {Nature} and {Causes} of the {Wealth} of {Nations}},
	publisher = {Metalibri},
	author = {Smith, Adam},
	year = {1776},
}

@book{snowdon_modern_2005,
	address = {Cheltenham - UK},
	title = {Modern {Macroeconomics}: {Its} {Origins}, {Development} and {Current} {Stage}},
	publisher = {Edward Elgar Publishing Limited},
	author = {Snowdon, Brian and Vane, Howard R.},
	year = {2005},
}

@article{solow_contribution_1956,
	title = {A {Contribution} to the {Theory} of {Growth}},
	volume = {70},
	journal = {Quarterly Journal of Economics},
	author = {Solow, Robert M.},
	year = {1956},
	pages = {65--94},
}

@article{solow_technical_1957,
	title = {Technical {Change} and the {Aggregate} {Production} {Function}},
	volume = {39},
	journal = {Review of Economics ans Statistics},
	author = {Solow, Robert M.},
	year = {1957},
	pages = {312--320},
}

@book{solow_investment_1969,
	address = {EUA},
	title = {Investment and {Technical} {Progress}},
	publisher = {Standford},
	author = {Solow, Robert M.},
	year = {1969},
}

@article{sonaglio_taxa_2010,
	title = {Taxa de {Câmbio} e a {Balança} {Comercial} de {Manufaturados}: {Evidências} da {J}-{Curve}},
	volume = {11},
	number = {3},
	journal = {Revista EconomiA},
	author = {Sonaglio, Cl{\textbackslash}´audia Maria and Scalco, Paulo Roberto and Campos, Antonio Carvalho},
	year = {2010},
	pages = {711--734},
}

@book{sraffa_production_1960,
	address = {London-UK},
	title = {Production of {Commodities} by means of {Commodities}: {Prelude} to a {Critique} of {Economic} {Theory}},
	publisher = {Cambridge University Press},
	author = {Sraffa, Pietro},
	year = {1960},
}

@incollection{steindl_distribution_1985,
	title = {Distribution and {Growth}},
	booktitle = {Economic {Papers} 1941 to 1988},
	publisher = {Macmillan},
	author = {Steindl, J.},
	year = {1985},
}

@book{steuart_inquiry_1767,
	address = {Dublin},
	title = {An {Inquiry} into the {Principles} of {Political} {Oeconomy}},
	publisher = {James Williams},
	author = {Steuart, James},
	year = {1767},
}

@article{stigler_early_1954,
	title = {The {Early} {History} of {Empirical} {Studies} of {Consumer} {Behavior}},
	volume = {62},
	url = {http://www.jstor.org/stable/1825569},
	number = {2},
	journal = {Journal of Political Economy},
	author = {Stigler, George J.},
	year = {1954},
	pages = {95--113},
}

@book{stimson_regional_2006,
	address = {Berlin Heidelberg},
	edition = {2},
	title = {Regional {Economics} {Development}: {Analysis} and {Planning} {Strategy}},
	publisher = {Springer-Verlag},
	author = {Stimson, Roberth J. and Stough, Roger R. and Hoberts, Brian H.},
	year = {2006},
}

@article{stinjs_natural_2006,
	title = {Natural resource abundance and human capital accumulation},
	volume = {34},
	number = {6},
	journal = {World Development},
	author = {Stinjs, Jean-Philippe.},
	year = {2006},
	pages = {1060--1083},
}

@article{stokey_learning_1988,
	title = {Learning by {Doing} and the {Introduction} of {New} {Goods}},
	volume = {96},
	journal = {Journal of Political Economy},
	author = {Stokey, N. L.},
	year = {1988},
	pages = {701--717},
}

@article{stones_linear_1954,
	title = {Linear expediture systems and demand analysis: an application to the pattern of {British} demand},
	volume = {64},
	journal = {Economic journal},
	author = {Stones, J. R. N.},
	year = {1954},
	pages = {511--527},
}

@article{swan_economic_1956,
	title = {Economic growth and {Capital} {Accumulation}},
	volume = {32},
	journal = {The Economic Record},
	author = {Swan, Trevor W},
	year = {1956},
	pages = {334--361},
}

@book{sylos-labini_oligopoly_1962,
	address = {Cambridge, Massachussetts},
	title = {Oligopoly and {Technical} {Progress}},
	publisher = {Cambridge},
	author = {Sylos-Labini, Paolo},
	year = {1962},
}

@article{taylor_discretion_1993,
	title = {Discretion versus policy rules in practice},
	volume = {39},
	journal = {Carnegie-Rochester Conference Series on Public Policy},
	author = {Taylor, John B.},
	year = {1993},
	pages = {195--214},
}

@article{taylor_monetary_1995,
	title = {The {Monetary} {Transmission} {Mechanism}: an empirical framework},
	volume = {9},
	number = {4},
	journal = {Journal of Economic Perspectives},
	author = {Taylor, John B.},
	year = {1995},
	pages = {11--26},
}

@article{thaler_psychology_1994,
	title = {Psychology and {Savings} {Policies}},
	volume = {84},
	number = {2},
	journal = {American Economic Review},
	author = {Thaler, Richard},
	year = {1994},
	pages = {186--192},
}

@article{theil_information_1965,
	title = {The information approach to demand analysis},
	volume = {33},
	journal = {Econometrica},
	author = {Theil, H},
	year = {1965},
	pages = {67--87},
}

@book{tesfatsion_handbook_2006,
	address = {Nehterlands},
	title = {Handbook of {Computational} {Economics}},
	publisher = {North-Holland},
	author = {Tesfatsion, Leigh and Judd, Kenneth L.},
	year = {2006},
}

@book{theil_theory_1975,
	address = {Amsterdan: North-Holland},
	title = {Theory and {Measurement} of {Consumer} {Demand}},
	publisher = {Elsevier Science},
	author = {Theil, H.},
	year = {1975},
}

@article{thirlwall_crescimento_2005,
	title = {Crescimento com restricao na balança de pagamentos},
	volume = {21},
	journal = {American Economic Reviews},
	author = {Thirlwall, Arthur},
	year = {2005},
	pages = {100--123},
}

@article{thirlwall_balance_2011,
	title = {Balance {Payment} {Constrained} {Grwoth} {Models}: {History} and {Overview}},
	journal = {School of Economics Discussion Papers},
	author = {Thirlwall, Arthur},
	year = {2011},
	pages = {1--44},
}

@book{von_thunen_isolierte_1826,
	address = {Hamburg},
	title = {Der isolierte {Staat} in {Beziehung} auf {Landwirtschaft} und {Nationalökonomie}},
	publisher = {Puthes},
	author = {Von Thünen, Johann Heinrich},
	year = {1826},
}

@book{tinbergen_shaping_1962,
	address = {New York, USA},
	title = {Shaping the {World} {Economy}},
	publisher = {The Twentieth Century Fund},
	author = {Tinbergen, J.},
	year = {1962},
}

@book{tiebout_community_1992,
	address = {Washington, USA},
	title = {The community economic based study},
	publisher = {Committee for Economic Development},
	author = {Tiebout, C. M.},
	year = {1992},
}

@article{tomohiko_competitive_2008,
	title = {Do {Competitive} {Markets} {Stimulate} {Innovation}?},
	number = {08-E-012},
	journal = {The Research Institute Of Economy, Trade and Industry Working Papers},
	author = {Tomohiko, I. and Atsushi, K. and Tsutomu, M.},
	year = {2008},
}

@article{utherback_dynamic_1978,
	title = {A {Dynamic} {Model} of {Process} and {Product} {Innovation}},
	volume = {3},
	number = {6},
	journal = {The International Journal of Management Science},
	author = {Utherback, J. and Abernathy, W.},
	year = {1978},
	pages = {40--47},
}

@article{uzawa_two_1962,
	title = {On a {Two} {Sector} {Model} of {Economic} {Growth}},
	volume = {xxxx},
	journal = {Review of Economic Studies},
	author = {Uzawa, Hirofumi},
	year = {1962},
	pages = {40--47},
}

@article{uzawa_two_1963,
	title = {On a {Two} {Sector} {Model} of {Economic} {Growth} {II}},
	volume = {xxxx},
	journal = {Review of Economic Studies},
	author = {Uzawa, Hirofumi},
	year = {1963},
	pages = {105--118},
}

@article{uzawa_optimum_1965,
	title = {Optimum {Technical} {Change} in an {Aggregative} {Model} of {Economic} {Growth}},
	volume = {6},
	journal = {International Economic Review},
	author = {Uzawa, Hirofumi},
	year = {1965},
	pages = {18--31},
}

@article{valente_social_1996,
	title = {Social {Network} {Thresholds} in the {Diffusion} of {Innovations}},
	volume = {18},
	journal = {Social Networks},
	author = {Valente, T.},
	year = {1996},
	pages = {69--89},
}

@phdthesis{valente_laboratory_2000,
	type = {{PhD} {Thesis}},
	title = {Laboratory for {Simulation} {Development} - {A} {Proposal} for {Simulations} {Models} in {Social} {Sciences}},
	school = {University of Aalborg-Denmark, Department of Business Studies},
	author = {Valente, Marco},
	year = {2000},
}

@article{valente_hands-approach_2002,
	title = {A {Hands}-on {Approach} to {Evolutionary} {Simulation}: {Nelson} and {Winter} {Models} in {The} {Laboratory} for {Simulation} {Development}},
	journal = {The Eletronic Journal of Evolutionary Modeling and Economic Dynamics},
	author = {Valente, M. and Andersen, E.S.},
	year = {2002},
	note = {Place: IFR e DE-Université Montesquie Bordeaux IV},
}

@article{valente_laboratory_2008,
	title = {Laboratory for {Simulation} {Development} - {LSD}},
	volume = {2008/12},
	journal = {LEM Working Papers},
	author = {Valente, Marco},
	year = {2008},
	note = {Place: Pisa, Italy
Publisher: Sant’Anna School for Advanced Studies},
}

@article{valente_pseudo-nk_2008,
	title = {Pseudo-{NK} - an enhanced model of complexity},
	volume = {2008/11},
	journal = {LEM Working Papers},
	author = {Valente, Marco},
	year = {2008},
	note = {Place: Pisa, Italy
Publisher: Sant’Anna School for Advanced Studies},
}

@article{valente_nk-like_2013,
	title = {An {NK}-like model of complexity},
	doi = {DOI 10.1007/s00191-013-0334-4},
	journal = {Journal of Evolutionary Economics},
	author = {Valente, Marco},
	year = {2013},
}

@article{van_den_bulte_social_2013,
	title = {Social contagion and income heterogeneity in new product diffusion: a meta-analytic test},
	number = {23},
	journal = {Marketing Science},
	author = {van den Bulte, C. and Stremersch, S.},
	year = {2013},
}

@book{varian_microeconomics_1992,
	address = {New York, USA},
	edition = {3},
	title = {Microeconomics {Analisys}},
	publisher = {W. W. Norton and Company},
	author = {Varian, Hall R.},
	year = {1992},
}

@book{veblen_teoria_1899,
	address = {São Paulo},
	title = {A {Teoria} da {Classe} {Ociosa}: {Um} {Estudo} {Estudo} {Economico} das {Instituições}},
	publisher = {Abril Cultural, coleção Os Economistas, Trad. português 1983},
	author = {Veblen, Thorstein},
	year = {1899},
}

@book{veblen_theory_1899,
	address = {United States},
	title = {The {Theory} of the {Leisure} {Class}: {An} {Economic} {Study} in the {Evolution} of {Institutions}},
	publisher = {Macmillan},
	author = {Veblen, Thorstein},
	year = {1899},
}

@inproceedings{verdoorn_factors_1949,
	address = {Oxford},
	title = {On the {Factors} {Determining} the {Growth} of {Labor} {Productivity}},
	booktitle = {Italian {Economic} {Papers}, {Vol}. {II}},
	publisher = {Oxford University Press},
	author = {Verdoorn, J. P.},
	editor = {Pasinetti, L.},
	year = {1949},
}

@article{vernon_international_1966,
	title = {International {Investment} and {International} {Trade} in the {Product} {Cycle}},
	journal = {The Quarterly Journal of Economics},
	author = {Vernon, R.},
	year = {1966},
	note = {Place: United States
Publisher: MIT Press},
}

@article{verspagen_uneven_1993,
	title = {Uneven {Growth} {Between} {Interdependent} {Economies}: {Evolutionary} {Views} on {Technology} {Gaps}, {Trade} and {Growth}},
	journal = {Avenbury},
	author = {Verspagen, Bart},
	year = {1993},
	pages = {100},
}

@article{verspagen_structural_2004,
	title = {Structural {Change} and {Technology}: {A} {Long} {View}},
	volume = {55},
	number = {6},
	journal = {Revue Economique},
	author = {Verspagen, Bart},
	year = {2004},
	pages = {1099--1126},
}

@article{verspagen_spatial_2010,
	title = {The spatial hierarchy os technological change and economic development in {Europa}},
	volume = {45},
	doi = {10.1007/s00168-009-0293-8},
	journal = {Annais of Regional Science},
	author = {Verspagen, Bart},
	year = {2010},
	pages = {109--132},
}

@article{young_increase_1928,
	title = {Increase {Return} and {Economic} {Progress}},
	volume = {38},
	journal = {Economic Journal},
	author = {Young, Allan},
	year = {1928},
	pages = {527--542},
}

@article{young_tale_1992,
	title = {A {Tale} of {Two} {Cities}: {Factor} {Accumulation} and {Technical} {Change} in {Hong} {Kong} and {Singapure}},
	journal = {NBER Macreconomics Annual},
	author = {Young, Allan},
	year = {1992},
	pages = {13--54},
}

@article{young_diffusion_2002,
	title = {The {Diffusion} of {Innovations} in {Social} {Networks}},
	journal = {Santa Fe Institute Working Papers},
	author = {Young, P.},
	year = {2002},
	pages = {13--54},
}

@article{yurko_how_2006,
	title = {How {Does} {Income} {Inequality} {Affect} {Market} {Outcomes} in {Vertically} {Dfferentiated} {Markets}?},
	number = {4028},
	journal = {MPRA Working Papers},
	author = {Yurko, A.},
	year = {2006},
}

@article{waldman_workers_1984,
	title = {Workers {Allocation}, {Hierarchies} and the {Wage} {Distribution}},
	volume = {51},
	journal = {The Review of Economic Studies},
	author = {Waldman, M.},
	year = {1984},
	pages = {95--109},
}

@book{waldrop_complexity_1992,
	address = {New York},
	title = {Complexity: the emerging science at the edge of order and chaos},
	publisher = {Touchstone},
	author = {Waldrop, M.},
	year = {1992},
}

@book{walras_compendio_1874,
	address = {São Paulo},
	title = {Compêndio dos {Elementos} de {Economia} {Politica} {Pura}},
	publisher = {Abril Cultural},
	author = {Walras, Leon},
	year = {1874},
}

@book{worldbank_word_2011,
	title = {Word {Development} {Indicators}-{WDI}},
	publisher = {World Bank},
	author = {{WorldBank}},
	year = {2011},
}

@book{weber_alfred_1909,
	address = {Chicago},
	title = {Alfred {Weber}'s theory of location of industries},
	publisher = {University of Chicago Press},
	author = {Weber, Alfred},
	year = {1909},
}

@book{weintraub_general_1959,
	address = {Philadelphia},
	title = {A {General} {Theory} of the {Price} {Level}, {Output},{Income} {Distribution}, and {Economic} {Growth}},
	publisher = {Chilton Co., Book Division},
	author = {Weintraub, Sidnei},
	year = {1959},
}

@book{wickens_macroeconomic_2008,
	address = {New Jersey, EUA},
	title = {Macroeconomic {Theory}: {A} {Dynamic} {General} {Equilibrium} {Approach}},
	publisher = {Princeton University Press},
	author = {Wickens, Michael},
	year = {2008},
}

@article{witt_self-organization_1997,
	title = {Self-organization and economics: what is new?},
	volume = {8},
	journal = {Structural Changes and Economics Dynamics},
	author = {Witt, Ulrich},
	year = {1997},
	pages = {489--507},
}

@book{witt_escaping_2001,
	address = {Berlin, Germany},
	title = {Escaping {Satiation}: {The} {Demand} {Side} of {Economic} {Growth}},
	publisher = {Springer-Verlag},
	author = {Witt, Ulrich},
	year = {2001},
}

@article{zbaracki_managerial_2003,
	title = {Managerial and customer costs of price adjustment: direct evidence from industrial markets},
	volume = {86},
	journal = {The review of Economics and Statistics},
	author = {Zbaracki, M. and Ritson, M. and Levy, D. and Dutta, S. and Bergen, M.},
	year = {2003},
	pages = {514--533},
}

@article{zweimuller_schumpeterian_2000,
	title = {Schumpeterian {Entrepreneurs} {Meet} {Engel}'s {Law}: {The} {Impact} of {Inequality} on {Innovation}-{Driven} {Growth}},
	volume = {5},
	number = {2},
	journal = {Journal of Economic Growth},
	author = {Zweimuller, J.},
	year = {2000},
	pages = {185--206},
}

@misc{noauthor_introduction_nodate,
	title = {Introduction to {Evolutionary} {Computing} {\textbar} {SpringerLink}},
	url = {https://link.springer.com/book/10.1007%2F978-3-662-44874-8},
	urldate = {2021-12-12},
}

@article{burgin_evolutionary_2013,
	title = {Evolutionary {Turing} in the {Context} of {Evolutionary} {Machines}},
	abstract = {One of the roots of evolutionary computation was the idea of Turing about unorganized machines. The goal of this work is the development of foundations for evolutionary computations, connecting Turing's ideas and the contemporary state of art in evolutionary computations. To achieve this goal, we develop a general approach to evolutionary processes in the computational context, building mathematical models of computational systems, functioning of which is based on evolutionary processes, and studying properties of such systems. Operations with evolutionary machines are described and it is explored when definite classes of evolutionary machines are closed with respect to basic operations with these machines. We also study such properties as linguistic and functional equivalence of evolutionary machines and their classes, as well as computational power of evolutionary machines and their classes, comparing of evolutionary machines to conventional automata, such as finite automata or Turing machines.},
	author = {Burgin, Mark and Eberbach, Eugene},
	month = apr,
	year = {2013},
	file = {Full Text PDF:C\:\\Users\\eduhenrique\\Zotero\\storage\\R6J6PXUF\\Burgin e Eberbach - 2013 - Evolutionary Turing in the Context of Evolutionary.pdf:application/pdf},
}

@book{goldberg_genetic_1989,
	address = {Reading, Mass},
	edition = {13th ed. edição},
	title = {Genetic {Algorithms} in {Search}, {Optimization}, and {Machine} {Learning}},
	isbn = {978-0-201-15767-3},
	language = {Inglês},
	publisher = {Addison-Wesley Professional},
	author = {Goldberg, Visiting Assistant Professor of History David E.},
	month = jan,
	year = {1989},
}

@book{goldberg_genetic_1989-1,
	series = {Artificial {Intelligence}},
	title = {Genetic {Algorithms} in {Search}, {Optimization}, and {Machine} {Learning}},
	isbn = {978-0-201-15767-3},
	url = {https://books.google.com.br/books?id=2IIJAAAACAAJ},
	publisher = {Addison-Wesley Publishing Company},
	author = {Goldberg, D.E. and David Edward, G. and Goldberg, D.E.G. and Goldberg, V.A.P.H.D.E.},
	year = {1989},
	lccn = {lc88006276},
}

@article{holland_genetic_1992,
	title = {Genetic {Algorithms}},
	volume = {267},
	issn = {00368733, 19467087},
	url = {http://www.jstor.org/stable/24939139},
	number = {1},
	urldate = {2022-02-14},
	journal = {Scientific American},
	author = {Holland, John H.},
	year = {1992},
	note = {Publisher: Scientific American, a division of Nature America, Inc.},
	pages = {66--73},
}

@misc{noauthor_index_nodate,
	title = {index {\textbar} {TIOBE} - {The} {Software} {Quality} {Company}},
	url = {https://www.tiobe.com/tiobe-index/},
	urldate = {2022-02-16},
	file = {index | TIOBE - The Software Quality Company:C\:\\Users\\eduhenrique\\Zotero\\storage\\U9KDQ8KH\\tiobe-index.html:text/html},
}

@misc{noauthor_cengage_nodate,
	title = {Cengage {Learning} - {Livro}},
	url = {https://profesores.cengage.com.br/detalheLivro.do?id=106776},
	urldate = {2022-02-16},
	file = {Cengage Learning - Livro:C\:\\Users\\eduhenrique\\Zotero\\storage\\NQ65WMTB\\detalheLivro.html:text/html},
}

@book{cormen_introduction_2009,
	series = {Computer science},
	title = {Introduction to {Algorithms}, third edition},
	isbn = {978-0-262-03384-8},
	url = {https://books.google.com.br/books?id=i-bUBQAAQBAJ},
	publisher = {MIT Press},
	author = {Cormen, T.H. and Leiserson, C.E. and Rivest, R.L. and Stein, C.},
	year = {2009},
	lccn = {2009008593},
}

@misc{noauthor_cengage_nodate-1,
	title = {Cengage {Learning} - {Livro}},
	url = {https://profesores.cengage.com.br/detalheLivro.do?id=106776},
	urldate = {2022-02-16},
	file = {Cengage Learning - Livro:C\:\\Users\\eduhenrique\\Zotero\\storage\\DMRIKYND\\detalheLivro.html:text/html},
}

@book{fedeli_introducao_2009,
	edition = {2ª edição},
	title = {Introdução à ciência da computação},
	isbn = {978-85-221-0845-9},
	language = {Português},
	publisher = {Cengage Learning},
	author = {Fedeli, Ricardo and Polloni, Enrico and Peres, Fernando},
	month = nov,
	year = {2009},
}

@book{langdon_foundations_2002,
	address = {Berlin, Heidelberg},
	title = {Foundations of {Genetic} {Programming}},
	isbn = {978-3-662-04726-2},
	url = {https://doi.org/10.1007/978-3-662-04726-2_2},
	language = {en},
	urldate = {2022-02-18},
	publisher = {Springer},
	author = {Langdon, William B. and Poli, Riccardo},
	editor = {Langdon, William B. and Poli, Riccardo},
	year = {2002},
	doi = {10.1007/978-3-662-04726-2_2},
	keywords = {Fitness Landscape, Grey Code, Hill Climber, Search Operator, Search Space},
}

@article{gorn_american_1963,
	title = {American standard code for information interchange},
	volume = {6},
	issn = {0001-0782},
	url = {https://doi.org/10.1145/366707.367524},
	doi = {10.1145/366707.367524},
	abstract = {There was the germ of an idea in two previous papers [1, 2] which no one seems to have picked up in almost five years. For certain functions it seems desirable to transform the argument to a short range symmetric about 1.0. I will give examples of this usage for the square root and logarithm function for both binary and decimal machines.},
	number = {8},
	urldate = {2022-02-18},
	journal = {Communications of the ACM},
	author = {Gorn, S. and Bemer, R. W. and Green, J.},
	month = aug,
	year = {1963},
	pages = {422--426},
	file = {Versão submetida:C\:\\Users\\eduhenrique\\Zotero\\storage\\UNL4TQRH\\Gorn et al. - 1963 - American standard code for information interchange.pdf:application/pdf},
}

@article{fraser_simulation_1957,
	title = {Simulation of {Genetic} {Systems} by {Automatic} {Digital} {Computers} {I}. {Introduction}},
	volume = {10},
	issn = {0004-9417},
	url = {http://www.publish.csiro.au/?paper=BI9570484},
	doi = {10.1071/BI9570484},
	abstract = {Methods of setting automatic digital computers to simulate the algebraic aspects of reproduction, segregation, and selection are discussed. The application of these methods to the problem of the importance of linkage in multifactorial inheritance is illustrated by results from the SILLIAC.},
	language = {en},
	number = {4},
	urldate = {2022-04-10},
	journal = {Australian Journal of Biological Sciences},
	author = {Fraser, As},
	year = {1957},
	pages = {484},
	file = {Texto completo:C\:\\Users\\eduhenrique\\Zotero\\storage\\STH6JBKX\\Fraser - 1957 - Simulation of Genetic Systems by Automatic Digital.pdf:application/pdf},
}

@article{bremermann_optimization_nodate,
	title = {Optimization {Through} {Evolution} and {Recombination}},
	language = {en},
	author = {Bremermann, H J},
	pages = {12},
	file = {Bremermann - Optimization Through Evolution and Recombination.pdf:C\:\\Users\\eduhenrique\\Zotero\\storage\\CCQSBIZ2\\Bremermann - Optimization Through Evolution and Recombination.pdf:application/pdf},
}

@article{bremermann_optimization_nodate-1,
	title = {Optimization {Through} {Evolution} and {Recombination}},
	language = {en},
	author = {Bremermann, H J},
	pages = {12},
	file = {Bremermann - Optimization Through Evolution and Recombination.pdf:C\:\\Users\\eduhenrique\\Zotero\\storage\\3F92SUL8\\Bremermann - Optimization Through Evolution and Recombination.pdf:application/pdf},
}

@book{rechenberg_cybernetic_1965,
	series = {Library translation / {Royal} {Aircraft} {Establishment}},
	title = {Cybernetic {Solution} {Path} of an {Experimental} {Problem}:},
	url = {https://books.google.com.br/books?id=FaWrtAEACAAJ},
	publisher = {Ministry of Aviation},
	author = {Rechenberg, I. and Toms, B.F. and Establishment, Royal Aircraft},
	year = {1965},
}


@book{rechenberg_cybernetic_1965-1,
	series = {Library translation / {Royal} {Aircraft} {Establishment}},
	title = {Cybernetic {Solution} {Path} of an {Experimental} {Problem}:},
	url = {https://books.google.com.br/books?id=FaWrtAEACAAJ},
	publisher = {Ministry of Aviation},
	author = {Rechenberg, I. and Toms, B.F. and Establishment, Royal Aircraft},
	year = {1965},
}

@article{cavicchio_adaptive_1970,
	title = {Adaptive search using simulated evolution},
	url = {http://deepblue.lib.umich.edu/handle/2027.42/4042},
	abstract = {http://deepblue.lib.umich.edu/bitstream/2027.42/4042/5/bab9712.0001.001.pdf},
	language = {en\_US},
	urldate = {2022-04-14},
	author = {Cavicchio, Daniel Joseph},
	year = {1970},
	note = {Accepted: 2006-02-03T18:12:14Z},
	file = {Full Text PDF:C\:\\Users\\eduhenrique\\Zotero\\storage\\38QD4JFL\\Cavicchio - 1970 - Adaptive search using simulated evolution.pdf:application/pdf;Snapshot:C\:\\Users\\eduhenrique\\Zotero\\storage\\5NQYWLMN\\4042.html:text/html},
}

@book{university_of_michigan_artificial_1971,
	title = {Artificial genetic adaptation in computer control systems.},
	language = {English},
	author = {Hollstien, R B.},
	editor = {{University of Michigan} and Computer {and} Communication Sciences Department, R. B, Hollstien},
	year = {1971},
	note = {OCLC: 726084376},
}

@book{holland_adaptation_1975,
	address = {Oxford,  England},
	series = {Adaptation in natural and artificial systems: {An} introductory analysis with applications to biology, control, and artificial intelligence.},
	title = {Adaptation in natural and artificial systems: {An} introductory analysis with applications to biology, control, and artificial intelligence.},
	isbn = {0-472-08460-7},
	abstract = {Analyzes and exploits nonadditive system interactions by generalizing the biological concept of "a coadapted set of alleles," and applies a constructive mathematical theory to the full range of adaptive processes, providing both hypotheses for natural systems and algorithms for artificial systems. (PsycINFO Database Record (c) 2016 APA, all rights reserved)},
	publisher = {U Michigan Press},
	author = {Holland, John H.},
	year = {1975},
	note = {Pages: viii, 183},
	keywords = {*Adaptation, Mathematical Modeling},
}

@article{jong_analysis_1975,
	title = {Analysis of the behavior of a class of genetic adaptive systems},
	url = {http://deepblue.lib.umich.edu/handle/2027.42/4507},
	abstract = {http://deepblue.lib.umich.edu/bitstream/2027.42/4507/5/bab6360.0001.001.pdf},
	language = {en\_US},
	urldate = {2022-04-14},
	author = {Jong, De and Alan, Kenneth},
	year = {1975},
	note = {Accepted: 2006-02-03T19:05:13Z},
	file = {Full Text PDF:C\:\\Users\\eduhenrique\\Zotero\\storage\\R6UC5J6M\\Jong e Alan - 1975 - Analysis of the behavior of a class of genetic ada.pdf:application/pdf;Snapshot:C\:\\Users\\eduhenrique\\Zotero\\storage\\4CLF2F4Q\\4507.html:text/html},
}

@book{snowdon_modern_2005-1,
	address = {Cheltenham, UK ; Northhampton, MA},
	title = {Modern {Macroeconomics}: {Its} {Origins}, {Development} {And} {Current} {State}},
	isbn = {978-1-84542-208-0},
	shorttitle = {Modern {Macroeconomics}},
	language = {Inglês},
	publisher = {Edward Elgar Pub},
	author = {Snowdon, Brian and Vane, Howard R.},
	year = {2005},
}

@book{pindyck_microeconomia_2013,
	edition = {8ª edição},
	title = {Microeconomia},
	isbn = {978-85-430-0028-2},
	language = {Português},
	publisher = {Pearson Universidades},
	author = {Pindyck, Robert S. and Rubinfeld, Daniel L.},
	year = {2013},
}

@book{eiben_introduction_2015,
	address = {Berlin, Heidelberg},
	series = {Natural {Computing} {Series}},
	title = {Introduction to {Evolutionary} {Computing}},
	isbn = {978-3-662-44873-1 978-3-662-44874-8},
	url = {http://link.springer.com/10.1007/978-3-662-44874-8},
	urldate = {2022-04-17},
	publisher = {Springer},
	author = {Eiben, A.E. and Smith, J.E.},
	year = {2015},
	doi = {10.1007/978-3-662-44874-8},
	keywords = {Estimation of Distribution Algorithms (EDA), Evolution Strategies (ES), Evolutionary Algorithm (EA), Evolutionary Computing (EC), Evolutionary Programming (EP), Evolutionary Robotics, Genetic Algorithms (GA), Genetic Programming (GP), Learning Classifier Systems (LCS), Memetic Algorithms, Optimization},
}

@book{cormen_introduction_2009,
	title = {Introduction to Algorithms, third edition},
	isbn = {978-0-262-03384-8},
	url = {https://books.google.com.br/books?id=i-bUBQAAQBAJ},
	series = {Computer science},
	publisher = {{MIT} Press},
	author = {Cormen, T.H. and Leiserson, C.E. and Rivest, R.L. and Stein, C.},
	date = {2009},
	lccn = {2009008593},
}

@book{fedeli_introducao_2009,
	edition = {2ª edição},
	title = {Introdução à ciência da computação},
	isbn = {978-85-221-0845-9},
	publisher = {Cengage Learning},
	author = {Fedeli, Ricardo and Polloni, Enrico and Peres, Fernando},
	date = {2009-11-30},
}

@book{langdon_foundations_2002,
	location = {Berlin, Heidelberg},
	title = {Foundations of Genetic Programming},
	isbn = {978-3-662-04726-2},
	url = {https://doi.org/10.1007/978-3-662-04726-2_2},
	publisher = {Springer},
	author = {Langdon, William B. and Poli, Riccardo},
	editor = {Langdon, William B. and Poli, Riccardo},
	urldate = {2022-02-18},
	date = {2002},
	langid = {english},
	doi = {10.1007/978-3-662-04726-2_2},
	keywords = {Fitness Landscape, Grey Code, Hill Climber, Search Operator, Search Space},
}

@article{gorn_american_1963,
	title = {American standard code for information interchange},
	volume = {6},
	issn = {0001-0782},
	url = {https://doi.org/10.1145/366707.367524},
	doi = {10.1145/366707.367524},
	abstract = {There was the germ of an idea in two previous papers [1, 2] which no one seems to have picked up in almost five years. For certain functions it seems desirable to transform the argument to a short range symmetric about 1.0. I will give examples of this usage for the square root and logarithm function for both binary and decimal machines.},
	pages = {422--426},
	number = {8},
	journaltitle = {Communications of the {ACM}},
	shortjournal = {Commun. {ACM}},
	author = {Gorn, S. and Bemer, R. W. and Green, J.},
	urldate = {2022-02-18},
	date = {1963-08-01}
}

@Book{MelanieMitchell98,
	author =    "Melanie Mitchell",
	title =     "An Introduction to Genetic Algorithms",
	publisher = "The MIT Press",
	isbn = "978-0262631853",
	year = 1998
}

@inbook{history_evoluctionary_computation_1997,
	author = {De Jong, Kenneth and Fogel, David and Schwefel, Hans-Paul},
	year = {1997},
	month = {01},
	pages = {A2.3:1-12},
	title = {A history of evolutionary computation},
	journal = {Handbook of Evolutionary Computation, IOP Publishing Ltd}
}

@ARTICLE{learning_machine_1958,
	author={Friedberg, R. M.}, 
	journal={IBM Journal of Research and Development},  
	title={A Learning Machine: Part I},  
	year={1958}, 
	volume={2},
	number={1},
	pages={2-13},
	doi={10.1147/rd.21.0002}
}

@article{Friedberg1959ALM,
	title={A Learning Machine: Part II},
	author={Richard M. Friedberg and Bradford Dunham and James H. North},
	journal={IBM J. Res. Dev.},
	year={1959},
	volume={3},
	pages={282-287}
}

@article{fraser_simulation_1957,
	title = {Simulation of Genetic Systems by Automatic Digital Computers I. Introduction},
	volume = {10},
	issn = {0004-9417},
	url = {http://www.publish.csiro.au/?paper=BI9570484},
	doi = {10.1071/BI9570484},
	abstract = {Methods of setting automatic digital computers to simulate the algebraic aspects of reproduction, segregation, and selection are discussed. The application of these methods to the problem of the importance of linkage in multifactorial inheritance is illustrated by results from the {SILLIAC}.},
	pages = {484},
	number = {4},
	journaltitle = {Australian Journal of Biological Sciences},
	shortjournal = {Aust. Jnl. Of Bio. Sci.},
	author = {Fraser, As},
	urldate = {2022-04-10},
	date = {1957},
	langid = {english},
}

@article{bremermann_optimization_1962,
	title = {Optimization Through Evolution and Recombination},
	pages = {12},
	year = {1962},
	author = {Bremermann, H J},
	langid = {english},
	journaltitle={From Self-Organizing Systems}
}

@article{search_evolution_biophysics_1965,
	title = {Search by evolution Biophysics and Cybernetic},
	abstract = {Methods of setting automatic digital computers to simulate the algebraic aspects of reproduction, segregation, and selection are discussed. The application of these methods to the problem of the importance of linkage in multifactorial inheritance is illustrated by results from the {SILLIAC}.},
	pages = {157–67},
	journaltitle = {Australian Journal of Biological Sciences},
	author = {Bremermann H J, Rogson M and Salaff S},
	date = {1965},
	langid = {english},
	publisher = {Systems—Proc. 2nd},
	editor={Cybernetic Sciences Symp. ed M Maxfield, A Callahan and L J Fogel (Washington, DC: Spartan)}
}

@inproceedings{Fogel1966ArtificialIT,
	title={Artificial Intelligence through Simulated Evolution},
	author={Lawrence J. Fogel and A. J. Owens and Michael J. Walsh},
	year={1966}
}


@article{holland_1962,
	author = {Holland, John H.},
	title = {Outline for a Logical Theory of Adaptive Systems},
	year = {1962},
	issue_date = {July 1962},
	publisher = {Association for Computing Machinery},
	address = {New York, NY, USA},
	volume = {9},
	number = {3},
	issn = {0004-5411},
	url = {https://doi.org/10.1145/321127.321128},
	doi = {10.1145/321127.321128},
	journal = {J. ACM},
	month = {jul},
	pages = {297–314},
	numpages = {18}
}

@book{rechenberg_cybernetic_1965,
	title = {Cybernetic Solution Path of an Experimental Problem:},
	url = {https://books.google.com.br/books?id=FaWrtAEACAAJ},
	series = {Library translation / Royal Aircraft Establishment},
	publisher = {Ministry of Aviation},
	author = {Rechenberg, I. and Toms, B.F. and Establishment, Royal Aircraft},
	date = {1965},
}

@article{noauthor_editorial_1993,
	title = {Editorial {Introduction}},
	volume = {1},
	issn = {1063-6560},
	url = {https://doi.org/10.1162/evco.1993.1.1.iii},
	doi = {10.1162/evco.1993.1.1.iii},
	number = {1},
	urldate = {2022-04-17},
	journal = {Evolutionary Computation},
	month = mar,
	year = {1993},
	pages = {iii--v},
	publisher = {The Massachussetts Institute of Technology}
}

@ARTICLE{michalewicz_1994,
	author={Eiben, A.E. and Hinterding, R. and Michalewicz, Z.},
	journal={IEEE Transactions on Evolutionary Computation}, 
	title={Parameter control in evolutionary algorithms}, 
	year={1994},
}

@book{rechenberg_cybernetic_1965,
	title = {Cybernetic Solution Path of an Experimental Problem:},
	url = {https://books.google.com.br/books?id=FaWrtAEACAAJ},
	series = {Library translation / Royal Aircraft Establishment},
	publisher = {Ministry of Aviation},
	author = {Rechenberg, I. and Toms, B.F. and Establishment, Royal Aircraft},
	date = {1965},
}

@article{cavicchio_adaptive_1970,
	title = {Adaptive search using simulated evolution},
	url = {http://deepblue.lib.umich.edu/handle/2027.42/4042},
	abstract = {http://deepblue.lib.umich.edu/bitstream/2027.42/4042/5/bab9712.0001.001.pdf},
	author = {Cavicchio, Daniel Joseph},
	urldate = {2022-04-14},
	date = {1970},
	langid = {american},
	note = {Accepted: 2006-02-03T18:12:14Z}
}

@collection{university_of_michigan_artificial_1971,
	title = {Artificial genetic adaptation in computer control systems.},
	editor = {{University of Michigan} and Computer {and} Communication Sciences Department, R. B, Hollstien},
	date = {1971},
	author = {Hollstien R B}
}

@article{holland_1967,
	title = {Nonlinear environments permitting efficient adaptation},
	editor = {Computer and Information Sciences II},
	date = {1967},
	author = {Holland, J}
}

@book{holland_adaptation_1975,
	location = {Oxford,  England},
	title = {Adaptation in natural and artificial systems: An introductory analysis with applications to biology, control, and artificial intelligence.},
	isbn = {0-472-08460-7},
	series = {Adaptation in natural and artificial systems: An introductory analysis with applications to biology, control, and artificial intelligence.},
	abstract = {Analyzes and exploits nonadditive system interactions by generalizing the biological concept of "a coadapted set of alleles," and applies a constructive mathematical theory to the full range of adaptive processes, providing both hypotheses for natural systems and algorithms for artificial systems. ({PsycINFO} Database Record (c) 2016 {APA}, all rights reserved)},
	pagetotal = {viii, 183},
	publisher = {U Michigan Press},
	author = {Holland, John H.},
	date = {1975},
	note = {Pages: viii, 183},
	keywords = {*Adaptation, Mathematical Modeling},
}

@article{jong_analysis_1975,
	title = {Analysis of the behavior of a class of genetic adaptive systems},
	url = {http://deepblue.lib.umich.edu/handle/2027.42/4507},
	abstract = {http://deepblue.lib.umich.edu/bitstream/2027.42/4507/5/bab6360.0001.001.pdf},
	author = {Jong, De and Alan, Kenneth},
	urldate = {2022-04-14},
	date = {1975},
	langid = {american},
	note = {Accepted: 2006-02-03T19:05:13Z},
	file = {Full Text PDF:C\:\\Users\\eduhenrique\\Zotero\\storage\\R6UC5J6M\\Jong e Alan - 1975 - Analysis of the behavior of a class of genetic ada.pdf:application/pdf;Snapshot:C\:\\Users\\eduhenrique\\Zotero\\storage\\4CLF2F4Q\\4507.html:text/html},
}
